4534 5408
323 653 326 660 .
421 595 680 692 ti'yrrltopodon
702 596 910 686 Gardaerr,
940 599 1107 694 Pastori,
1132 603 1332 696 prirwosus.
1518 626 1586 679 101

274 777 528 862 Antieissintus
555 778 615 856 Pr.
641 779 833 858 Honler
816 809 986 860 aeonem
997 809 1118 859 meam
1141 784 1398 884 reprehendit,
1426 785 1589 884 primurn

172 911 299 1007 quoad
320 910 465 989 folium
474 915 537 1010 fig.
561 919 596 984 3.
603 941 746 1011 ‚qnae
762 914 859 1031 icon
875 916 1004 992 lolium
1023 918 1174 994 bre-vius
1200 917 1351 1017 quidem
1379 943 1497 1016 quam
1512 917 1589 1016 plc-

173 1069 290 1142 raqne
309 1044 414 1136 sistit,
436 1045 502 1118 sed
520 1065 702 1122 nnmerum
722 1023 895 1122 convenit
911 1075 995 1144 curn
1011 1070 1153 1125 natura.
1169 1053 1220 1150 a)
1238 1050 1362 1148 quoad
1375 1051 1587 1150 calyptram,

173 1174 267 1256 haec
288 1181 467 1252 vetustior
492 1199 564 1272 est,
599 1196 636 1251 et
656 1203 770 1275 aquae
800 1179 967 1254 immersa
972 1213 1000 1272 ,¹
1019 1151 1085 1272 sed
1111 1183 1198 1258 icon
1220 1182 1430 1272 etiam2non
1450 1181 1591 1280 recedit

174 1333 206 1411 a
220 1327 360 1403 natura,
385 1311 456 1383 nisi
479 1310 580 1407 quod
602 1310 710 1382 nimis
734 1311 892 1386 obscuro
913 1315 1038 1388 colore
1060 1315 1171 1389 tincta
1194 1316 1253 1392 sit.
1291 1315 1488 1404 ,Caeterum
1511 1311 1592 1388 ridi

168 1440 332 1536 genuina
361 1441 563 1540 specimina
591 1443 629 1514 in
659 1445 877 1518 collectione
907 1445 1022 1545 ipsius
1055 1467 1092 1522 et
1121 1445 1283 1546 plurium
1316 1446 1523 1547 Anglorum
1553 1465 1590 1520 et

168 1573 461 1668 Germanorum3
487 1595 530 1649 ut
553 1600 655 1649 error
669 1576 725 1648 ‘de
748 1579 869 1676 specie
890 1605 965 1652 non
988 1577 1163 1652 admissus
1186 1580 1245 1656 sit.

168 1759 207 1830 9.
235 1759 420 1833 rtrtonr,
447 1741 550 1814 caule
573 1739 823 1836 subsimpliei,
848 1739 948 1812 foliis
968 1741 1401 1818 lanceolam-linearibus
1425 1742 1587 1840 margine

274 1871 451 1946 involutis
466 1873 552 1946 totis
568 1873 645 1946 fere
667 1869 858 1967 viridibus,
882 1875 1027 1970 capsula
1046 1873 1259 1976 cylindrica
1275 1873 1431 1971 calyptra
1445 1900 1586 1972 magna.

272 2002 409 2080 Hedrr.
431 2004 551 2106 suppl
575 2029 689 2080 muse.
716 2029 751 2077 n.
776 2031 806 2084 1.
831 2032 866 2104 p.
886 2009 968 2080 215.
992 2027 1017 2081 ι.
1040 2009 1121 2080 152.
1146 2003 1270 2083 Hook.
1294 2007 1404 2086 Grev
1424 2030 1588 2107 monogr.

275 2159 313 2231 Ρ.
338 2141 372 2209 8.

224 2295 272 2374 ln
293 2297 412 2374 Indiae
432 2299 563 2402 Nepal.
612 2305 671 2377 Pr.
694 2299 839 2403 Taylor.
889 2315 936 2402 πμ

275 2461 393 2537 Huius
417 2465 526 2539 etiam
552 2467 699 2542 iconem
721 2463 957 2566 reprehendit
976 2463 1024 2537 cl.
1048 2461 1107 2535 Pr.
1130 2459 1300 2558 Hooler3
1326 2460 1392 2537 sed
1414 2459 1509 2535 nihil
1525 2473 1585 2535 ‘er-

163 2592 278 2703 ronei
299 2597 507 2698 conspicio,
531 2599 602 2672 nisi
628 2599 724 2673 forte
748 2597 912 2698 operculi
933 2593 1365 2670 nimiam‘curvationem.
1393 2593 1585 2708 'Speciem

162 2726 245 2824 ipsi
262 2723 429 2802 defuisse
446 2729 572 2826 miror,
599 2758 714 2829 quum
737 2731 920 2805 neminem
942 2727 1113 2802 ditiorein
1137 2727 1273 2800 muscis
1290 2725 1433 2804 Indicis
1452 2717 1589 2824 cogno·

160 2861 311 2955 verim,
335 2861 520 2938 neminem
539 2863 655 2962 magis
674 2863 874 2937 liberalem.
928 2862 1149 2958 Colpptrnm
1171 2885 1246 2934 non
1264 2859 1378 2934 hebui
1399 2860 1471 2934 nisi
1491 2857 1589 2932 dela·

163 3015 277 3090 psam
303 3011 340 3064 et
362 3015 602 3092 contractam,
629 3021 722 3096 quae
749 3015 869 3068 tamen
892 2991 1123 3092 longitudine
1145 3019 1209 3067 sua
1234 2991 1284 3067 ad
1305 2977 1588 3094 Syrrhopodon·

161 3145 249 3198 tem
272 3145 420 3223 spectat.
472 3129 583 3202 Folia
611 3148 749 3202 tantum
767 3126 818 3230 'ad
838 3127 950 3200 imam
974 3125 1082 3200 basin
1099 3151 1208 3198 unam
1229 3127 1421 3202 alteramve
1444 3123 1590 3200 cellula·

165 3283 260 3330 rum
282 3256 537 3355 limpidarum,
553 3287 632 3334 ‘nec
655 3285 742 3333 vero
774 3259 926 3334 caeteris
949 3257 1090 3332 cellulis
1114 3258 1229 3354 duplo
1252 3259 1433 3332 maiorum
1455 3257 1587 3330 seriem

166 3387 347 3484 exhibet,
372 3411 526 3482 saturato
555 3391 686 3466 viridia
710 3411 813 3482 sunt,
846 3415 958 3464 nervo
985 3388 1196 3488 pallidiore3
1227 3387 1371 3484 apicem
1393 3415 1515 3476 versus
1540 3385 1589 3459 ad

164 3495 382 3618 marginem
400 3523 452 3619 ita
472 3526 625 3598 firmiter
645 3509 827 3617 involuta,
852 3543 894 3594 ιιι
915 3519 1094 3619 explanari
1117 3517 1178 3592 hic
1196 3540 1386 3619 nequeant
1436 3519 1478 3596 si
1498 3541 1586 3592 vero

165 3651 287 3726 valde
315 3656 484 3728 convexis
515 3657 616 3729 vitris
646 3656 709 3730 hic
737 3681 862 3752 margo
891 3655 1082 3747 lustratur,
1117 3669 1236 3748 potest
1263 3651 1312 3748 ob
1335 3651 1484 3726 cellulas
1504 3673 1588 3749 pro*

163 3784 333 3859 miculas
357 3789 516 3883 speciem
544 3787 814 3862 denticulorum
839 3785 1028 3880 exhibete,
1059 3783 1204 3881 quasi
1186 3783 1325 3868 minute
1347 3781 1587 3876 denticulatus

164 3917 237 3990 sit.
293 3916 417 4004 Quare
440 3919 687 4044 definitionem
707 3919 879 4016 foliorum
901 3918 1051 4022 panlnm
1071 3916 1283 3992 mutandam
1305 3919 1441 3990 censui.
1493 4002 1497 4017 ι

173 4108 546 4178 10.snteu1.osus,
543 4037 641 4161 loliis
665 4087 882 4184 linearibus,
917 4084 1037 4160 dorso.
1057 4063 1353 4188 marginibnsque
1370 4079 1590 4182 spiculoso·

286 4184 513 4308 denticulatis
537 4219 688 4318 rigidis.
