4044 5406
586 565 851 670 nepum·
878 571 1082 670 neema.
1490 609 1555 682 ,7

115 775 186 850 alii
206 772 481 876 subsimplieos,
504 771 609 874 apice
631 773 859 870 radicantem
888 777 1030 854 steriles
1043 801 1121 852 non
1140 795 1215 854 tam
1227 749 1358 880 longos
1377 781 1456 862 ridi
1469 797 1556 866 ctu.

113 913 177 986 les
192 929 229 987 et
244 909 449 1010 depressos,
463 909 589 1010 quales
605 885 957 1010 pinxitHoolttnus,
971 910 1038 988 sed
1054 935 1175 1014 neque
1189 939 1280 990 vero
1296 916 1394 992 ullus
1408 918 1553 1024 dubito,

115 1045 212 1120 utss
227 1045 338 1120 etium
362 1043 453 1121 dari
475 1047 756 1146 foliarum,
779 1048 901 1122 minus
919 1046 1051 1144 densa,
1079 1068 1213 1144 erecta,
1237 1047 1402 1150 siccitate
1422 1055 1552 1154 rigida,

113 1207 136 1254 c
162 1181 372 1255 lanceolato
392 1177 617 1277 caminata,
641 1181 862 1281 marginata,
896 1182 1082 1258 subtiliter
1104 1203 1259 1280 serrata,
1288 1210 1444 1264 amoene
1464 1190 1553 1269 viri·

115 1315 206 1390 dia:
233 1341 346 1390 nervo
367 1313 511 1412 valido,
537 1314 768 1416 ferrugineo,
793 1315 987 1417 cuspidem
1011 1317 1210 1394 formante:
1233 1319 1377 1396 cellulis
1391 1324 1552 1425 subque.

114 1449 249 1544 dentis,
262 1477 393 1548 parurn
408 1449 636 1550 longioribus
650 1478 758 1550 quam
773 1451 978 1549 latioribus,
1002 1472 1038 1528 et
1054 1451 1257 1528 maioribus
1272 1481 1384 1554 quam
1398 1454 1438 1532 in
1453 1480 1553 1536 ante·

116 1581 299 1675 cedente,
319 1604 360 1658 ut
371 1611 499 1682 margo
514 1586 598 1660 lolii
611 1586 785 1681 basilaris,
809 1586 919 1662 etiam
934 1585 1033 1662 lente
1049 1587 1171 1661 minus
1185 1613 1349 1664 convexa
1362 1591 1550 1692 lustratus,

115 1719 257 1792 seriem
269 1719 484 1794 cellularum
498 1746 568 1797 ceu
581 1740 812 1824 punctorum
823 1719 1097 1821 pellucidornm
1120 1719 1299 1798 exhibent.⁴
1324 1729 1453 1800 Flores
1471 1753 1551 1804 mo-

116 1845 228 1927 n'oeci
247 1853 449 1928 fasciculati
469 1853 515 1927 ad
537 1855 659 1954 apices
675 1883 880 1952 ramorum,
903 1855 1085 1930 masculus
1104 1880 1190 1930 cum
1204 1855 1373 1932 femineis
1391 1885 1468 1934 uno
1485 1881 1551 1937 aut

106 1987 309 2088 ‚pluribus3
332 2008 417 2087 post
430 1991 562 2064 florem
577 1991 666 2066 novi
683 2011 899 2066 exseruntur
913 1991 1056 2068 ramuli.
1080 1994 1165 2066 Flos
1182 1996 1362 2064 masculus
1382 1993 1551 2092 capituli·

118 2123 271 2217 formis,
291 2143 435 2196 constet
449 2123 549 2198 loliis
569 2125 736 2200 subsenis
757 2146 820 2198 eut
839 2125 1030 2223 pluribus,
1065 2127 1434 2221 ovato-acuminatis,
1464 2153 1550 2202 cau·
1667 2119 1670 2124 ¹

119 2257 204 2332 lina
219 2257 307 2338 lolia
328 2257 525 2334 latitudine
543 2256 821 2358 superantibus,
850 2259 1090 2334 exterioribus
1115 2259 1235 2356 paullo
1256 2259 1490 2334 brevioribus
1512 2281 1550 2336 et

116 2390 333 2488 latioribus,
355 2391 591 2466 interioribus
612 2391 884 2492 angustioribus
907 2393 1055 2491 longius
1075 2391 1293 2491 cuspidatis,
1321 2393 1454 2468 intimo
1480 2395 1549 2470 mi·

115 2527 224 2602 nimo
236 2553 246 2599 ι
259 2551 373 2602 nervo
383 2525 507 2602 elolio
516 2539 724 2627 emergente
740 2546 779 2601 et
790 2526 984 2626 cuspidem
1000 2528 1195 2622 formante,
1214 2527 1453 2626 eferruginea
1466 2529 1549 2603 basi

113 2663 252 2738 luteus.
279 2661 468 2738 Anderae
489 2681 574 2736 octo
598 2681 659 2738 aut
682 2661 823 2758 plures,
847 2661 1032 2758 turgidae,
1052 2661 1280 2732 lntescentes.
1311 2665 1548 2758 Pornpltyses

113 2795 283 2872 antheris
297 2795 422 2894 paullo
438 2795 639 2898 longiores,
653 2794 866 2888 filiformes,
887 2814 951 2868 aut
964 2793 1116 2894 paulum
1130 2793 1326 2868 crassiores
1342 2793 1468 2894 apice,
1493 2823 1549 2888 ar.

112 2927 241 3005 ticulis
256 2928 490 3006 sunnovenis.
521 2933 642 3004 Flort‘s
651 2931 815 3024 fiminet
832 2928 921 3004 folia
940 2928 1095 3002 caulinis
1116 2926 1267 3024 similia,
1286 2928 1461 3002 interiora
1478 2928 1547 3004 mi-

114 3091 222 3160 nora,
244 3080 328 3162 post
340 3064 480 3146 ¹fructus
496 3063 761 3164 perfectionem
777 3064 889 3164 paulo
905 3064 1044 3138 maiora
1062 3062 1217 3136 caulinis
1233 3083 1270 3137 et
1285 3062 1401 3162 magis
1426 3064 1547 3163 cuspi-

116 3197 213 3292 data.
232 3200 376 3301 'Pt‘stt'lla
390 3223 503 3294 pauca
521 3203 800 3298 etparapltyses
823 3202 1019 3298 pauciores
1047 3225 1158 3298 quam
1180 3195 1220 3270 in
1243 3173 1424 3271 masculis.
1460 3203 1547 3274 Va-

110 3337 249 3432 gintda
264 3334 507 3430 teretiuscnla,
529 3337 675 3432 capsula
695 3335 855 3428 brevior,
869 3333 988 3406 badia.
1015 3333 1209 3406 Pedicellus
1221 3333 1407 3404 semuncia
1420 3328 1545 3430 paullo

113 3468 291 3562 brevior,
311 3488 375 3542 eut
394 3469 455 3544 vix
476 3469 628 3542 uncialis
652 3491 813 3563 erectus,
838 3467 1117 3558 crassiusculus,
1143 3465 1304 3543 siccitate
1325 3492 1456 3562 perum
1473 3486 1547 3542 tor·

113 3603 213 3698 tilis,
245 3602 486 3700 ferrugineus.
529 3607 686 3700 capsula
716 3630 760 3679 cx
791 3603 954 3700 oblongo
990 3601 1163 3699 globosa,
1198 3599 1351 3698 paulum
1380 3599 1545 3700 obliqua,

113 3737 228 3812 lineis
249 3736 518 3810 rufescentibus
532 3737 649 3834 picta,
676 3735 842 3812 siccitale'
857 3734 1014 3830 sulcata,
1038 3730 1158 3810 badia.
1194 3737 1451 3816 Peristomium
1468 3736 1546 3808 nul·

113 3873 209 3945 lum.
234 3875 457 3967 Operculum
475 3897 701 3961 convexum,
723 3872 1023 3958 mammillatum,
1047 3888 1187 3942 tanturn
1207 3867 1244 3940 in
1266 3888 1378 3944 aetate
1400 3870 1544 3946 iuniore
1638 3923 1646 3933 -

114 4005 244 4106 aliquo
262 4005 375 4082 modo
387 4006 476 4080 coni
489 4006 650 4080 formam
667 4007 820 4080 simulat.
850 4009 1071 4102 Calyptram
1090 4029 1164 4076 non
1180 3999 1270 4075 vidi.

224 4138 372 4238 Speciei
386 4141 494 4216 alteri
508 4142 678 4216 omnibus
695 4141 860 4240 partibus
874 4140 1016 4234 minor,
1043 4136 1109 4214 scd
1135 4135 1256 4210 demta
1278 4132 1541 4233 magnitudine,

113 4277 166 4352 ite
191 4273 341 4371 similia,
369 4296 411 4350 ut
434 4277 495 4352 vix
517 4275 739 4353 sufficienter
764 4273 911 4349 definiri
936 4291 1065 4374 queat,
1089 4267 1299 4344 nemetiam
1322 4269 1487 4368 capsula,
1512 4268 1543 4342 si
1649 4369 1655 4376 Ι
