4044 5406
502 563 550 655 98
959 557 1234 656 Glypkoecrpc
1258 555 1445 652 coponem.

407 757 412 767 ’
502 763 669 872 ciusdem
684 757 807 838 aetatid
822 761 860 836 in
875 781 1035 861 utroque
1054 772 1306 861 comparatur,
1330 757 1461 860 parum
1485 757 1626 854 differt,
1641 756 1722 835 ¹nisi
1747 777 1908 834 structura

503 901 665 993 interna,
687 925 758 997 qua
781 919 894 997 ocyus
916 899 1045 996 perfici
1069 918 1106 978 at
1129 893 1348 996 amplificari
1373 895 1518 972 videtur
1546 895 1763 970 membrana·
1787 895 1910 968 interut

503 1028 787 1135 Glpphooar'pae
817 1033 1001 1130 Capeuais.
1039 1029 1254 1105 Membrana
1278 1030 1537 1125 horizontem,
1573 1049 1691 1104 stonm
1715 1027 1910 1118 occludens,

505 1193 600 1268 quae
619 1187 931 1240 commemoratur
953 1168 999 1239 ab
1021 1165 1233 1241 acutissimo
1259 1165 1458 1261 Hookero,
1482 1161 1627 1256 videtur
1648 1163 1740 1238 mihi
1755 1161 1800 1234 ad
1815 1184 1912 1236 mem·

505 1301 654 1376 branam
669 1302 850 1374 internam
867 1301 1073 1398 pertinere,
1098 1327 1208 1402 quam
1232 1300 1352 1374 simile
1368 1296 1470 1399 'quid
1484 1295 1677 1374 ostendere
1694 1295 1774 1374 ridi
1786 1297 1824 1370 in
1840 1293 1912 1394 Glp

419 1499 423 1518 ,
506 1434 694 1534 phocnrpa
709 1433 904 1534 quadrata,
926 1435 1031 1509 euius
1058 1433 1141 1512 ride
1157 1435 1286 1508 icones
1300 1433 1346 1506 ad
1369 1437 1423 1506 18.
1442 1453 1476 1508 et
1498 1459 1555 1528 17.

537 1605 540 1619 ·
609 1564 737 1644 lconis
759 1595 859 1658 meae
887 1569 1020 1663 abiis,
1048 1595 1140 1669 quae
1170 1567 1308 1642 diutius
1330 1568 1570 1668 prestiterunt
1578 1590 1599 1662 ‚¹
1616 1564 1718 1642 valde
1743 1564 1912 1654 differunt,

503 1702 571 1778 sed
594 1731 708 1804 quum
733 1705 898 1804 ipsorum
921 1723 1112 1778 auctorum
1132 1703 1335 1800 specimina
1359 1702 1517 1778 viderim
1547 1722 1584 1776 et
1610 1702 1652 1774 in
1684 1693 1912 1775 describendo

505 1837 615 1910 etiam
640 1837 953 1936 comparaverim:
989 1837 1158 1910 dubitare
1183 1862 1293 1910 nemo
1317 1837 1475 1936 poterit,
1510 1837 1600 1936 quin
1623 1824 1766 1910 easdem
1789 1819 1913 1934 planias

505 1970 749 2044 tractaverim.
776 1970 898 2044 Etiam
916 1970 1062 2043 intimas
1078 1970 1180 2046 floris
1194 1991 1317 2068 partes
1337 1970 1505 2070 aNeesio
1522 1969 1663 2070 accepti
1681 1969 1767 2045 tales
1776 1965 1913 2044 omniuo

506 2101 649 2198 inveni,
671 2104 795 2204 quales
813 2103 1012 2203 descripti,
1032 2103 1106 2176 nisi
1122 2104 1226 2204 quod
1250 2105 1422 2180 antherae
1441 2105 1666 2204 copiosiores
1681 2125 1776 2178 sunt
1850 2072 1855 2082 Ι

557 2238 647 2314 Tar».
666 2237 877 2314 CXXVIII.
892 2241 959 2335 fig.
981 2265 1009 2311 ι.
1026 2238 1167 2336 plantae
1184 2239 1407 2334 fructiferae,
1434 2264 1467 2313 2.
1482 2239 1595 2314 caulis
1611 2237 1776 2314 radicans
1792 2233 1915 2336 magni·

609 2372 736 2448 tudine
754 2375 922 2447 naturali.
943 2371 1022 2470 Fig.
1039 2375 1072 2447 5.
1089 2372 1205 2445 caulis
1223 2397 1316 2470 apex
1339 2399 1424 2445 cum
1449 2399 1571 2468 ramo,
1593 2373 1641 2447 ad
1665 2373 1804 2449 radices
1820 2397 1914 2470 agen·

611 2505 672 2580 das
680 2507 1062 2606 praeformatoauctus
1080 2526 1147 2580 ter.
1172 2509 1233 2604 fig.
1242 2511 1277 2582 4.
1285 2507 1577 2580 foliumnuctum
1593 2507 1800 2608 quinquies.
1821 2509 1913 2605 fige.

606 2641 724 2736 basis,
752 2645 784 2716 6.
804 2669 896 2742 apex
911 2641 993 2716 folii
1006 2659 1133 2730 auctus
1152 2640 1267 2714 acies.
1292 2641 1354 2737 fig.
1374 2663 1409 2734 7.
1437 2641 1701 2734 caulieflorem
1725 2641 1915 2716 masculum

604 2797 641 2848 et
653 2775 855 2850 femineum
868 2796 1011 2873 gestant
1027 2794 1156 2849 auctus
1166 2793 1231 2850 ter.
1254 2776 1316 2871 fig.
1327 2778 1363 2845 8.
1379 2775 1449 2846 ssos
1461 2774 1643 2848 masculus
1659 2795 1788 2850 auctus
1801 2775 1914 2868 sexies,

608 2935 645 3002 9.
662 2906 828 2982 eiusdem
843 2909 987 2982 interna
1004 2933 1090 3007 pars
1106 2927 1210 2980 aucta
1226 2906 1338 2981 4oier.
1365 2909 1427 3006 fig.
1451 2933 1506 2982 ιο.
1528 2908 1676 3007 capside
1697 2932 1838 2988 matura
1852 2939 1914 2986 ma·

606 3037 717 3134 dida,
757 3067 812 3114 ιι.
838 3040 1112 3136 cadensium,
1146 3063 1205 3116 ιι.
1226 3041 1373 3140 capatdn
1387 3041 1534 3132 iunior,
1566 3047 1624 3122 15.
1644 3043 1835 3146 iuvenilis,
1867 3052 1913 3122 ti.

606 3173 752 3272 capsula
770 3171 935 3266 discissa,
957 3196 999 3252 ut
1014 3173 1227 3252 membrana
1243 3175 1386 3252 interna
1401 3177 1650 3278 conspiciatur
1665 3203 1769 3260 aucta
1786 3203 1913 3288 quater.
