4534 5408
338 1377 1327 1472 SYRRHOPODON.

494 1561 664 1663 Hedwig.
692 1566 871 1664 supplem.
896 1589 932 1642 r.
964 1589 994 1635 1.
1019 1591 1055 1663 p.
1084 1590 1164 1638 110.

135 1731 460 1803 Peristomium
490 1733 691 1834 simplex
723 1736 882 1810 breve:
924 1733 1150 1808 dentibus
1191 1735 1317 1808 intus
1358 1731 1542 1809 adustis

637 1867 1026 1943 conniventibus.

260 2037 432 2110 Flores
466 2037 750 2130 terminales:
781 2037 979 2111 masculi
1006 2062 1139 2138 saepe
1170 2036 1404 2136 foliigeni.

172 2202 397 2302 Galyptra
423 2185 859 2308 subcampanulata‚
887 2206 1035 2290 latere
1061 2206 1192 2303 fisso,
1219 2204 1497 2310 quibusdum

754 2341 903 2446 longe.

227 2537 312 2615 Hoo
336 2567 464 2639 genus,
492 2541 595 2642 quod
615 2564 697 2619 ente
719 2541 790 2617 hos
812 2565 885 2617 tros
907 2568 1021 2617 annos
1047 2569 1066 2618 e
1088 2561 1226 2642 septem
1248 2541 1438 2640 speciebus
1457 2561 1545 2614 oon·

132 2667 220 2765 didi,
247 2675 377 2772 pnttllo
403 2699 488 2774 post
514 2699 668 2778 quotuor
692 2678 772 2751 aliis
799 2677 991 2777 speciebus
1013 2695 1160 2751 unctum
1184 2675 1295 2749 estin
1317 2673 1485 2750 Hooltcri
1508 2691 1545 2746 et

127 2801 297 2882 Grerillei
337 2812 533 2908 praeeunti
564 2811 853 2913 monograplriu,
892 2812 934 2884 in
967 2810 1084 2884 diario
1113 2807 1345 2885 scientiarum
1367 2805 1544 2884 Edinensi

129 2938 193 3012 vol.
218 2947 251 3017 8.
277 2941 396 3021 edita.
444 2943 628 3028 Brldclius
651 2949 692 3022 in
715 2972 803 3026 euno
830 2946 1045 3048 bryologice
1079 2967 1181 3022 tomo
1209 2945 1331 3046 primo
1354 2969 1436 3043 pag.
1463 2945 1545 3016 155·

127 3069 215 3149 hunc
246 3079 556 3176 monogrcphirm
582 3081 785 3178 Anglorntn
814 3081 1016 3178 ignorent,
1048 3108 1148 3156 meas
1174 3100 1316 3160 tentum
1340 3078 1545 3176 specierum

126 3206 422 3294 adumbrationes
446 3215 653 3312 exscripsit,
688 3215 829 3310 generis
853 3237 977 3296 ,eutem
1007 3213 1374 3308 notitiem-turbavit,
1403 3232 1441 3290 et
1464 3211 1547 3311 Syr·

127 3339 402 3440 rhsspodotrletn
431 3349 598 3428 ciliorum
629 3349 697 3424 sub
721 3349 870 3426 nomine
891 3347 1152 3445 Tmcbymitrii
1177 3349 1297 3422 oiliati
1317 3363 1467 3444 propter
1489 3369 1546 3418 cu·

126 3474 274 3572 lypum
291 3479 461 3560 scelernm
474 3482 655 3582 repererit
669 3503 708 3562 et
725 3481 986 3580 Pterogoninm
1005 3483 1218 3577 ambignum
1233 3477 1357 3552 Hook.
1370 3500 1446 3552 non
1463 3496 1545 3574 apte

124 3607 170 3684 nd
192 3611 525 3714 Syrrhopodontes
551 3615 691 3709 retulit,
725 3635 762 3694 et
785 3617 949 3716 utrisque
969 3639 1110 3692 norum
1132 3639 1269 3688 nomen
1290 3609 1545 3686 Clcistostotnn

124 3748 334 3846 proposuit.
386 3747 509 3826 L'uhet
539 3749 680 3849 aliquot
708 3750 796 3826 olins
827 3749 986 3848 species,
1024 3747 1075 3822 sd
1110 3773 1170 3823 me
1198 3747 1339 3840 missus,
1373 3743 1545 3824 exhibere

127 3900 329 3981 earumque
354 3881 482 3964 locum
506 3883 545 3960 in
569 3883 666 3962 serie
690 3902 914 3966 caeterarum
934 3882 1110 3966 indicere.

225 4050 477 4150 Corpuscnln,
504 4077 598 4154 quae
619 4051 755 4152 ipsein
779 4051 853 4126 hoo
877 4078 1008 4150 genere
1033 4053 1199 4127 antheras
1221 4050 1316 4144 dixi,
1343 4049 1389 4126 ab
1411 4051 1547 4122 Arnot·

122 4203 162 4255 to
184 4183 225 4256 in
248 4186 407 4287 synopsi
431 4213 642 4262 muscetum
666 4188 728 4260 fila
749 4187 944 4263 conservae
971 4186 1103 4260 similia
1125 4183 1349 4261 dicebantur.
1401 4180 1545 4256 Haecce

125 4316 190 4391 etsi
216 4319 351 4420 quoad
376 4341 541 4395 naturam
574 4349 675 4400 snum
700 4321 821 4398 adhuc
845 4321 982 4421 dubia,
1016 4343 1115 4398 certe
1140 4347 1214 4397 non
1237 4317 1426 4396 conservae
1452 4336 1545 4391 sunt.
