4420 5396
694 700 718 749 α
1165 669 1412 768 Polytrieh'um
1432 671 1661 746 dendroides.
1698 674 1700 677 ’

695 884 790 972 teres
825 877 899 955 est,
933 854 1066 932 adsunt
1095 849 1218 933 iumen
1241 861 1360 959 plicae
1385 881 1422 936 et
1447 859 1599 960 quidem
1626 858 1871 960 utplurimum
1896 882 2053 963 quatuor
2074 863 2124 938 vel

696 1022 757 1072 sex
765 1004 782 1091 ,‘
800 1020 884 1068 nam
901 1019 1073 1069 numerus
1088 1022 1164 1069 ιιοιι
1182 1014 1284 1070 certo
1297 993 1497 1086 definitur,
1521 998 1615 1095 quia}
1625 995 1807 1096 quaedam
1833 1000 1952 1099 plicae
1977 1000 2071 1074 iuter
2090 1027 2122 1074 se

697 1133 900 1219 confluunt
952 1127 1033 1205 Hae
1063 1130 1181 1230 plicae
1214 1152 1347 1206 exeunt
1366 1133 1411 1205 ab
1438 1132 1683 1231 axi-capsulae
1711 1132 1953 1230 intermedio,
1980 1162 2026 1210 ex
2054 1162 2120 1235 quo

632 1371 635 1375 ι
698 1267 815 1342 oritur
834 1264 1046 1339 membrana
1061 1265 1228 1363 interna,
1253 1293 1346 1368 quae
1372 1293 1414 1341 ex
1429 1267 1533 1368 apice
1557 1267 1631 1340 exis
1654 1267 1852 1342 reflectitur
1874 1290 1911 1344 et
1923 1270 1990 1344 has
2006 1271 2121 1371 plicas,

698 1401 774 1478 sive
801 1400 1035 1477 columellam
1068 1400 1257 1500 plicatam
1275 1401 1485 1500 effingit,
1468 1429 1508 1474 ιιι
1532 1402 1615 1476 basi
1640 1429 1727 1478 vero
1753 1402 1888 1477 iterum
1912 1404 2074 1480 ascendit
2092 1425 2123 1479 et

657 1516 666 1524 ⁶
696 1538 873 1690 parietem
896 1558 1085 1625 externum
1108 1565 1203 1612 sacci
1191 1536 1431 1630 seminalis,
1458 1564 1568 1639 quem
1595 1539 1707 1637 vulgo
1737 1559 1888 1629 vocant,
1913 1542 2042 1635 efficit,
2068 1540 2122 1639 qui

696 1700 736 1747 ιιι
749 1698 853 1773 apice
873 1648 921 1745 ad
943 1643 1113 1776 capsulae
1136 1673 1317 1747 orificium
1339 1670 1558 1766 adnectitur,
1584 1693 1620 1744 et
1636 1673 1863 1794 contegitur
1866 1673 1921 1746 ihi
1943 1674 2124 1774 epiphrag·

647 1898 653 1906 ι
696 1827 805 1881 mate.
839 1807 934 1881 lstae
950 1809 1067 1906 plicae
1082 1836 1270 1908 nunquam
1287 1826 1460 1882 connatae
1476 1827 1561 1879 sunt
1576 1834 1662 1881 cum
1677 1833 1772 1881 sacci
1759 1806 1971 1881 seminalis
1987 1831 2128 1884 externo

698 1924 861 2042 pariete,
881 1940 1045 2042 indeque
1069 1945 1215 2043 capsula
1244 1968 1390 2042 semper
1409 1941 1662 2016 unilocularis.
1716 1942 1800 2016 Pari
1821 1941 1966 2018 ratione
1984 1970 2123 2044 compo·

698 2098 838 2152 nuntur
852 2077 1048 2203 capsulae
1038 2100 1203 2154 internae
1217 2098 1338 2192 partes
1362 2076 1470 2152 etiam
1487 2078 1525 2150 in
1549 2076 1628 2149 aliis
1650 2076 1805 2170 muscis,
1826 2076 1893 2151 sed
1914 2079 2039 2154 miuus
2065 2080 2126 2154 evi·

700 2196 849 2311 denter3
873 2232 910 2332 et
933 2194 1139 2289 cavendum
1157 2236 1233 2331 est,
1257 2241 1304 2289 ue
1320 2240 1416 2286 sacer
1405 2205 1615 2287 seminalis
1634 2192 1792 2285 diffracti
1814 2204 2020 2361 marginem
2048 2213 2123 2288 dila·

699 2340 862 2423 ceratum
877 2327 947 2452 pro
964 2348 1182 2452 peristomio
1209 2345 1511 2447 describamus.

646 2484 649 2491 Ι
704 2617 709 2627 ι
777 2506 948 2606 Calyptra
963 2527 1172 2604 contegitur
1187 2494 1405 2607 plerumque
1426 2503 1533 2604 pilis,
1559 2485 1625 2578 sed
1650 2463 1838 2601 nunquam
1860 2501 2048 2661 duplici
2026 2534 2123 2582 mem·

699 2727 868 2893 iuuatur,
898 2718 1112 2851 membrana
1144 2800 1221 2877 ιιοιι
1246 2772 1427 2869 finditur,
1445 2799 1567 2875 neque
1599 2773 1803 2874 quidquam
1828 2771 1942 2891 aliud
1958 2799 2039 2878 est,
2062 2775 2119 2850 nui
2199 2797 2200 2874 p

775 3069 847 3144 De
852 3067 1006 3162 familia,
1031 3091 1165 3168 genere
1183 3087 1220 3140 et
1234 3022 1609 3166 plurimisspeciebus
1623 3026 1742 3168 perite
1763 3067 1977 3167 scripsitll.
2001 3067 2118 3142 Brown
2196 3075 2197 3142 l

702 3205 741 3280 in
758 3224 828 3281 act.
848 3231 921 3282 soc.
935 3203 1045 3282 Liun.
1068 3199 1201 3279 Lond
1215 3225 1282 3282 ιι
1292 3227 1373 3301 pag
1363 3206 1463 3277 565
1483 3223 1612 3305 etseq.

574 2923 586 2937 “
701 2911 876 3012 germinis
900 2910 1098 3012 epidcrmis
1122 2887 1384 2983 transformata.

1133 3358 1182 3434 A.
1215 3363 1317 3432 caule
1342 3360 1529 3450 arboreo,
1550 3387 1710 3439 comosus
2007 3436 2009 3442 ,
2193 3346 2194 3410 l

706 3542 1030 3614 terruannorum,
1059 3517 1324 3618 longissimum
1348 3544 1560 3612 comosum,
1593 3517 1694 3592 foliis
1721 3516 1912 3595 tortilibus
1938 3520 2116 3616 oblongo·

801 3655 1008 3752 linearibus,
1031 3656 1207 3749 terratie‚..
1230 3653 1416 3756 pedicello
1452 3653 1648 3729 terminali.
1710 3641 1846 3758 lledw.
1885 3681 1987 3754 spec.
2018 3673 2117 3728 murt·

802 3792 921 3890 suppl.
950 3814 985 3864 1.
1011 3811 1047 3861 ι.
1067 3792 1217 3887 ιι.·5ι6.

751 3946 797 4022 ln
812 3946 896 4022 freti
914 3945 1147 4044 Megellenici
1163 3946 1281 4040 silvis,
1309 3971 1403 4045 quae
1419 3943 1563 4043 alpibus
1586 3944 1757 4035 subsunt,
1784 3940 1870 4017 Baie
1885 3939 2078 4032 Frauqaise
2090 3953 2117 4009 ιι

712 4112 722 4122 ·
802 4083 894 4158 Port
916 4083 1052 4157 Galum
1076 4101 1112 4155 ot
1136 4080 1175 4153 ἱιι
1201 4081 1330 4182 Dusly
1352 4082 1430 4178 Bsy
1451 4105 1570 4155 novae
1593 4077 1826 4154 Seelandiuc..
1853 4082 1900 4160 4.

778 4244 897 4315 Gaulia
930 4238 1092 4340 pedalis,
1117 4237 1196 4310 basi
1231 4237 1420 4331 bullifer,
1441 4238 1583 4331 calvus,
1608 4237 1792 4336 superiori
1821 4255 1926 4336 parte
1949 4234 2113 4308 loliorum
2173 4298 2174 4303 ,

700 4371 858 4449 residuis
886 4396 922 4449 ct
947 4376 1045 4448 loliis
1072 4373 1150 4449 basi
1177 4375 1249 4447 lata
1276 4371 1744 4473 sumi-amplexicaulibus,
1770 4369 1940 4446 acumine
1964 4359 2114 4442 breviori
