4534 5408
569 577 745 657 Dumna
764 581 911 678 glauco,
937 583 1150 676 conclidum.

121 763 1560 806 m

427 1211 1258 1360 otcnrnt'cttocs
1311 1204 1340 1358 ζ
1386 1195 1414 1312 ss

122 1451 265 1549 glauco
298 1435 429 1523 affinio
452 1449 584 1530 laxiori
618 1453 796 1530 foliorum
831 1437 1006 1529 contextu
1040 1450 1218 1554 gaudent,
1252 1450 1404 1527 cellulis·
1428 1479 1561 1556 nempe

120 1581 392 1681 amplioribus,
427 1581 540 1662 dorso
561 1567 789 1664 tumentibus
812 1609 855 1662 ut
881 1589 1068 1686 granulatu
1094 1613 1223 1665 eornm
1246 1587 1478 1686 superficies,
1506 1588 1561 1664 ini·

120 1717 253 1818 primis
282 1714 437 1791 dorsalis
463 1719 533 1793 sub
555 1721 654 1798 lente
676 1705 810 1821 vitrea,
838 1722 965 1796 scabra
988 1724 1099 1798 oculo
1127 1718 1229 1796 nudo
1255 1719 1432 1798 videatur.
1485 1721 1560 1798 Nc·

120 1836 319 1954 queneto
356 1841 494 1950 duplex
526 1855 741 1930 cellularum
772 1877 924 1953 stratum
959 1877 1034 1948 est,
1072 1878 1116 1932 nt
1147 1855 1335 1932 Bridelius
1371 1853 1559 1960 brylogiae

118 2007 212 2062 tom.
237 2011 270 2058 t.
297 2013 382 2086 pag.
406 1991 494 2061 480.
516 1989 702 2088 perhibet,
726 1991 792 2066 sed
814 2011 967 2092 propter
987 1988 1213 2090 pellucidam
1236 1987 1405 2066 indolem
1427 2011 1464 2066 et
1487 2011 1562 2066 tnr-

120 2143 256 2222 gorcm
284 2119 402 2221 paries
429 2123 616 2217 posterior
638 2145 676 2199 et
697 2127 860 2199 anterior
881 2123 1043 2199 cuiusvis
1064 2124 1220 2199 cellulae
1247 2148 1393 2200 seorsus
1414 2127 1561 2226 conspi·'

122 2257 249 2350 citur,
281 2272 322 2328 nt
349 2255 385 2328 io
410 2253 596 2356 sphagois.
648 2257 827 2357 Capsnlae
855 2257 950 2332 basis
978 2276 1185 2332 antrorsum
1211 2256 1254 2330 in
1275 2256 1449 2354 angulum
1471 2283 1559 2358 pro-

123 2391 278 2468 minens
298 2407 435 2464 struma
460 2392 665 2493 nuncupari
688 2391 799 2468 debet
824 2418 893 2466 nec
916 2389 1126 2490 apophysis.
1178 2388 1282 2465 Dicit
1304 2387 1459 2491 quidem
1481 2391 1561 2466 Bri.

123 2525 250 2602 delius
269 2551 305 2624 p.
328 2529 417 2620 589.
437 2526 614 2626 capsulas,
641 2517 732 2625 quas
754 2527 938 2601 Linna'eus
960 2519 1182 2601 strumileras
1201 2521 1311 2622 dixit,
1335 2525 1558 2603 atrumuloso

118 2659 389 2762 apophysatas,
415 2657 481 2734 sed
505 2659 692 2759 quidhoc
715 2661 787 2734 sibi
809 2661 915 2756 velit,
941 2688 1018 2736 non
1038 2659 1225 2760 explicuit.

119 2801 159 2872 4.
186 2815 386 2877 morcon
410 2793 514 2894 caule
540 2793 782 2891 ascendente,
812 2794 915 2872 foliis
938 2793 1129 2871 seriarinm
1153 2785 1356 2869 imbricatis
1377 2791 1560 2872 lanceola-

224 2921 273 3005 tis
294 2923 487 3028 pennatim
509 2929 644 3006 strictis
665 2919 1025 3031 glauco-viridibus,
1046 2930 1195 3031 capsula
1213 2929 1433 3008 strumifsra.
1462 2927 1558 3026 'subg

226 3063 496 3143 chvatl.

168 3201 312 3297 Bryum
342 3195 545 3274 candidum
570 3198 720 3300 fragile,
753 3189 852 3294 loliis
878 3198 1049 3276 recurvis.
1100 3196 1189 3272 Dill
1215 3191 1303 3272 hist.¹
1331 3225 1447 3276 musc.
1469 3203 1556 3280 564.
1598 3241 1608 3266 ο

229 3349 256 3408 t.
278 3332 385 3408 46.l'.
410 3357 470 3406 aa.
683 3347 692 3364 ·
1215 3437 1217 3442 Ι

176 3462 229 3540 In
252 3461 362 3540 Nora
396 3463 596 3542 Hollandia
626 3467 792 3568 legerunt
827 3465 871 3542 cl.
898 3463 941 3542 R.
963 3453 1101 3542 Brown
1130 3483 1167 3536 et
1199 3463 1246 3546 G,
1276 3462 1427 3562 Sieher,
1464 3463 1556 3540 olim

226 3595 459 3698 Dampierns.
509 3627 556 3704 ²4·

286 3737 471 3833 caespites
494 3732 621 3831 densi,
652 3731 779 3807 uncias
803 3729 928 3831 plures
949 3725 1026 3805 latiss
1079 3735 1198 3806 Oculis
1221 3729 1300 3804 basi
1325 3757 1434 3832 saepe
1459 3761 1555 3834 pro-

112 3863 328 3964 cumbens,
357 3866 447 3942 inde
478 3859 677 3943 ascendens
701 3861 771 3940 'vel
800 3865 969 3968 angustia
988 3865 1064 3940 loci
1095 3887 1258 3961 erectus,
1294 3863 1417 3942 radice
1439 3868 1557 3954 fasci-

109 4001 251 4080 calata·
273 4003 373 4076 fusca
394 4002 458 4076 hic
482 4002 558 4075 illic
581 4000 791 4101 adspersus,
823 4025 912 4097 vage
933 4025 1115 4094 ramosus,
1141 4001 1289 4075 ramulis
1313 4001 1556 4077 brevioribus.

109 4139 248 4218 Folia
277 4135 407 4230 densa,
437 4135 628 4220 censariam
652 4134 864 4227 imbricata,
895 4127 1035 4229 erecta,
1065 4153 1127 4206 aut
1153 4137 1370 4235 plerumque
1393 4135 1557 4235 paullum

107 4273 173 4350 ed
190 4273 295 4348 latus
308 4273 421 4374 flexa,
434 4291 619 4348 caeterum
633 4269 951 4365 lato-lanceolata,
970 4261 1218 4370 integerrima,
1236 4270 1398 4372 margine
1416 4281 1558 4346 tantum
