<?xml version="1.0" encoding="UTF-8"?>
<!DOCTYPE html PUBLIC "-//W3C//DTD XHTML 1.0 Transitional//EN"
    "http://www.w3.org/TR/xhtml1/DTD/xhtml1-transitional.dtd">
<html xmlns="http://www.w3.org/1999/xhtml" xml:lang="en" lang="en">
 <head>
  <title>
</title>
<meta http-equiv="Content-Type" content="text/html;charset=utf-8" />
  <meta name='ocr-system' content='tesseract 3.04.00' />
  <meta name='ocr-capabilities' content='ocr_page ocr_carea ocr_par ocr_line ocrx_word'/>
</head>
<body>
  <div class='ocr_page' id='page_1' title='image "./joannishedwigsp02schwgoog_0188.png"; bbox 0 0 4420 5396; ppageno 0'>
   <div class='ocr_carea' id='block_1_1' title="bbox 686 521 1671 654">
    <p class='ocr_par' dir='ltr' id='par_1_1' title="bbox 686 521 1671 654">
     <span class='ocr_line' id='line_1_1' title="bbox 686 521 1671 654; baseline 0.007 -36"><span class='ocrx_word' id='word_1_1' title='bbox 686 521 896 654; x_wconf 50' lang='lat' dir='ltr'>Dopwniu</span> <span class='ocrx_word' id='word_1_2' title='bbox 912 545 1211 646; x_wconf 55' lang='lat' dir='ltr'>poperiolroides.</span> <span class='ocrx_word' id='word_1_3' title='bbox 1292 561 1296 570; x_wconf 77' lang='grc'><em>’</em></span> <span class='ocrx_word' id='word_1_4' title='bbox 1599 575 1671 647; x_wconf 86' lang='lat'>179</span> 
     </span>
    </p>
   </div>
   <div class='ocr_carea' id='block_1_2' title="bbox 282 748 1668 1123">
    <p class='ocr_par' dir='ltr' id='par_1_2' title="bbox 282 748 1668 1123">
     <span class='ocr_line' id='line_1_2' title="bbox 339 748 1667 852; baseline 0.002 -26"><span class='ocrx_word' id='word_1_5' title='bbox 339 756 380 852; x_wconf 85' lang='lat'>5)</span> <span class='ocrx_word' id='word_1_6' title='bbox 401 748 649 852; x_wconf 82' lang='lat' dir='ltr'>Epiphragma</span> <span class='ocrx_word' id='word_1_7' title='bbox 680 771 736 826; x_wconf 85' lang='lat' dir='ltr'>est</span> <span class='ocrx_word' id='word_1_8' title='bbox 770 750 984 829; x_wconf 84' lang='lat' dir='ltr'>tenuissimo</span> <span class='ocrx_word' id='word_1_9' title='bbox 1018 772 1054 828; x_wconf 88' lang='lat' dir='ltr'>et</span> <span class='ocrx_word' id='word_1_10' title='bbox 1086 752 1192 852; x_wconf 84' lang='lat' dir='ltr'>plana</span> <span class='ocrx_word' id='word_1_11' title='bbox 1228 750 1460 843; x_wconf 84' lang='lat' dir='ltr'>membrana,</span> <span class='ocrx_word' id='word_1_12' title='bbox 1502 750 1667 830; x_wconf 87' lang='lat' dir='ltr'>dentium</span> 
     </span>
     <span class='ocr_line' id='line_1_3' title="bbox 282 883 1667 992; baseline 0.002 -29"><span class='ocrx_word' id='word_1_13' title='bbox 282 884 498 990; x_wconf 77' lang='lat' dir='ltr'>peristomii</span> <span class='ocrx_word' id='word_1_14' title='bbox 520 885 641 984; x_wconf 79' lang='lat' dir='ltr'>apices</span> <span class='ocrx_word' id='word_1_15' title='bbox 665 883 840 984; x_wconf 81' lang='lat' dir='ltr'>colligens</span> <span class='ocrx_word' id='word_1_16' title='bbox 863 885 903 960; x_wconf 89' lang='lat' dir='ltr'>in</span> <span class='ocrx_word' id='word_1_17' title='bbox 926 885 1162 992; x_wconf 83' lang='lat' dir='ltr'>Polytricho,</span> <span class='ocrx_word' id='word_1_18' title='bbox 1193 887 1355 984; x_wconf 76' lang='lat' dir='ltr'>elevator</span> <span class='ocrx_word' id='word_1_19' title='bbox 1376 887 1416 960; x_wconf 86' lang='lat' dir='ltr'>in</span> <span class='ocrx_word' id='word_1_20' title='bbox 1440 907 1568 981; x_wconf 85' lang='lat' dir='ltr'>centro</span> <span class='ocrx_word' id='word_1_21' title='bbox 1599 917 1667 966; x_wconf 90' lang='lat' dir='ltr'>suo</span> 
     </span>
     <span class='ocr_line' id='line_1_4' title="bbox 282 1017 1668 1123; baseline 0.002 -28"><span class='ocrx_word' id='word_1_22' title='bbox 282 1021 363 1096; x_wconf 85' lang='lat' dir='ltr'>inm</span> <span class='ocrx_word' id='word_1_23' title='bbox 378 1019 417 1094; x_wconf 89' lang='lat' dir='ltr'>iu</span> <span class='ocrx_word' id='word_1_24' title='bbox 433 1017 649 1123; x_wconf 78' lang='lat' dir='ltr'>Polytricho</span> <span class='ocrx_word' id='word_1_25' title='bbox 663 1023 851 1120; x_wconf 56' lang='lat' dir='ltr'>Ioevtgato</span> <span class='ocrx_word' id='word_1_26' title='bbox 867 1017 907 1094; x_wconf 89' lang='lat' dir='ltr'>io</span> <span class='ocrx_word' id='word_1_27' title='bbox 924 1047 1074 1121; x_wconf 78' lang='lat' dir='ltr'>parvum</span> <span class='ocrx_word' id='word_1_28' title='bbox 1092 1042 1128 1096; x_wconf 85' lang='lat' dir='ltr'>et</span> <span class='ocrx_word' id='word_1_29' title='bbox 1150 1021 1324 1096; x_wconf 87' lang='lat' dir='ltr'>obtusum</span> <span class='ocrx_word' id='word_1_30' title='bbox 1345 1031 1585 1118; x_wconf 66' lang='lat' dir='ltr'>mucronem</span> <span class='ocrx_word' id='word_1_31' title='bbox 1612 1049 1668 1098; x_wconf 83' lang='lat' dir='ltr'>ex·</span> 
     </span>
    </p>
   </div>
   <div class='ocr_carea' id='block_1_3' title="bbox 283 1153 1668 1260">
    <p class='ocr_par' dir='ltr' id='par_1_3' title="bbox 283 1153 1668 1260">
     <span class='ocr_line' id='line_1_5' title="bbox 283 1153 1668 1260; baseline 0 -30"><span class='ocrx_word' id='word_1_32' title='bbox 283 1154 453 1232; x_wconf 77' lang='lat' dir='ltr'>tenditur</span> <span class='ocrx_word' id='word_1_33' title='bbox 467 1175 589 1229; x_wconf 86' lang='lat' dir='ltr'>autem</span> <span class='ocrx_word' id='word_1_34' title='bbox 602 1153 639 1227; x_wconf 90' lang='lat' dir='ltr'>in</span> <span class='ocrx_word' id='word_1_35' title='bbox 655 1153 853 1232; x_wconf 83' lang='lat' dir='ltr'>Dawsonia</span> <span class='ocrx_word' id='word_1_36' title='bbox 868 1159 908 1231; x_wconf 88' lang='lat' dir='ltr'>in</span> <span class='ocrx_word' id='word_1_37' title='bbox 918 1180 1129 1255; x_wconf 82' lang='lat' dir='ltr'><strong>processum</strong></span> <span class='ocrx_word' id='word_1_38' title='bbox 1145 1155 1308 1254; x_wconf 85' lang='lat' dir='ltr'>longum,</span> <span class='ocrx_word' id='word_1_39' title='bbox 1332 1154 1559 1260; x_wconf 84' lang='lat' dir='ltr'>filiformem‚</span> <span class='ocrx_word' id='word_1_40' title='bbox 1582 1157 1668 1230; x_wconf 82' lang='lat' dir='ltr'>soh·</span> 
     </span>
    </p>
   </div>
   <div class='ocr_carea' id='block_1_4' title="bbox 286 1285 1789 1392">
    <p class='ocr_par' dir='ltr' id='par_1_4' title="bbox 286 1285 1789 1392">
     <span class='ocr_line' id='line_1_6' title="bbox 286 1285 1789 1392; baseline -0.003 -28"><span class='ocrx_word' id='word_1_41' title='bbox 286 1287 400 1385; x_wconf 87' lang='lat' dir='ltr'>dum,</span> <span class='ocrx_word' id='word_1_42' title='bbox 429 1288 535 1390; x_wconf 85' lang='lat' dir='ltr'>apice</span> <span class='ocrx_word' id='word_1_43' title='bbox 558 1285 661 1364; x_wconf 87' lang='lat' dir='ltr'>nodo</span> <span class='ocrx_word' id='word_1_44' title='bbox 686 1287 800 1366; x_wconf 85' lang='lat' dir='ltr'>badio</span> <span class='ocrx_word' id='word_1_45' title='bbox 829 1289 1083 1386; x_wconf 68' lang='lat' dir='ltr'>terminatum</span> <span class='ocrx_word' id='word_1_46' title='bbox 1112 1289 1152 1366; x_wconf 93' lang='lat' dir='ltr'>in</span> <span class='ocrx_word' id='word_1_47' title='bbox 1175 1289 1314 1392; x_wconf 82' lang='lat' dir='ltr'>Lyellia</span> <span class='ocrx_word' id='word_1_48' title='bbox 1338 1290 1488 1374; x_wconf 82' lang='lat' dir='ltr'>exhibet</span> <span class='ocrx_word' id='word_1_49' title='bbox 1511 1289 1666 1386; x_wconf 87' lang='lat' dir='ltr'>discum,</span> <span class='ocrx_word' id='word_1_50' title='bbox 1786 1353 1789 1360; x_wconf 85' lang='lat'>.</span> 
     </span>
    </p>
   </div>
   <div class='ocr_carea' id='block_1_5' title="bbox 282 1422 1715 2334">
    <p class='ocr_par' dir='ltr' id='par_1_5' title="bbox 282 1422 1666 1658">
     <span class='ocr_line' id='line_1_7' title="bbox 282 1422 1666 1524; baseline 0 -24"><span class='ocrx_word' id='word_1_51' title='bbox 282 1425 454 1502; x_wconf 71' lang='lat' dir='ltr'>foramen</span> <span class='ocrx_word' id='word_1_52' title='bbox 476 1422 682 1522; x_wconf 77' lang='lat' dir='ltr'>peristomii</span> <span class='ocrx_word' id='word_1_53' title='bbox 707 1424 876 1524; x_wconf 84' lang='lat' dir='ltr'>expletis,</span> <span class='ocrx_word' id='word_1_54' title='bbox 911 1424 978 1523; x_wconf 89' lang='lat' dir='ltr'>qui</span> <span class='ocrx_word' id='word_1_55' title='bbox 1000 1443 1098 1500; x_wconf 84' lang='lat' dir='ltr'>totus</span> <span class='ocrx_word' id='word_1_56' title='bbox 1124 1424 1201 1504; x_wconf 85' lang='lat' dir='ltr'>fere</span> <span class='ocrx_word' id='word_1_57' title='bbox 1221 1423 1373 1524; x_wconf 80' lang='lat' dir='ltr'>badius,</span> <span class='ocrx_word' id='word_1_58' title='bbox 1414 1445 1450 1502; x_wconf 87' lang='lat' dir='ltr'>et</span> <span class='ocrx_word' id='word_1_59' title='bbox 1476 1425 1666 1502; x_wconf 77' lang='lat' dir='ltr'>coriaceus</span> 
     </span>
     <span class='ocr_line' id='line_1_8' title="bbox 286 1557 1123 1658; baseline -0.002 -20"><span class='ocrx_word' id='word_1_60' title='bbox 286 1582 364 1658; x_wconf 66' lang='grc' dir='ltr'>αι,</span> <span class='ocrx_word' id='word_1_61' title='bbox 375 1579 432 1634; x_wconf 90' lang='lat' dir='ltr'>-ot</span> <span class='ocrx_word' id='word_1_62' title='bbox 447 1583 539 1658; x_wconf 84' lang='lat' dir='ltr'>apex</span> <span class='ocrx_word' id='word_1_63' title='bbox 554 1557 842 1658; x_wconf 79' lang='lat' dir='ltr'>epiphrrgmatis</span> <span class='ocrx_word' id='word_1_64' title='bbox 857 1558 897 1634; x_wconf 91' lang='lat' dir='ltr'>in</span> <span class='ocrx_word' id='word_1_65' title='bbox 914 1560 1123 1638; x_wconf 82' lang='lat' dir='ltr'>Dawsooia.</span> 
     </span>
    </p>

    <p class='ocr_par' dir='ltr' id='par_1_6' title="bbox 284 1691 1666 1932">
     <span class='ocr_line' id='line_1_9' title="bbox 338 1691 1666 1798; baseline 0.001 -28"><span class='ocrx_word' id='word_1_66' title='bbox 338 1701 382 1786; x_wconf 78' lang='lat' dir='ltr'>d)</span> <span class='ocrx_word' id='word_1_67' title='bbox 405 1693 656 1795; x_wconf 84' lang='lat' dir='ltr'>Epiphragmtt</span> <span class='ocrx_word' id='word_1_68' title='bbox 688 1691 897 1769; x_wconf 81' lang='lat' dir='ltr'>adnascitur</span> <span class='ocrx_word' id='word_1_69' title='bbox 926 1692 1100 1769; x_wconf 86' lang='lat' dir='ltr'>dentibus</span> <span class='ocrx_word' id='word_1_70' title='bbox 1128 1691 1336 1794; x_wconf 86' lang='lat' dir='ltr'>peristomii</span> <span class='ocrx_word' id='word_1_71' title='bbox 1365 1692 1406 1774; x_wconf 87' lang='lat' dir='ltr'>itt</span> <span class='ocrx_word' id='word_1_72' title='bbox 1436 1693 1666 1798; x_wconf 78' lang='lat' dir='ltr'>polytricho,</span> 
     </span>
     <span class='ocr_line' id='line_1_10' title="bbox 284 1825 1437 1932; baseline -0.002 -26"><span class='ocrx_word' id='word_1_73' title='bbox 284 1827 508 1906; x_wconf 84' lang='lat' dir='ltr'>columellae</span> <span class='ocrx_word' id='word_1_74' title='bbox 524 1825 624 1927; x_wconf 87' lang='lat' dir='ltr'>opici</span> <span class='ocrx_word' id='word_1_75' title='bbox 639 1826 677 1900; x_wconf 90' lang='lat' dir='ltr'>in</span> <span class='ocrx_word' id='word_1_76' title='bbox 694 1826 856 1932; x_wconf 82' lang='lat' dir='ltr'>Lyellia,</span> <span class='ocrx_word' id='word_1_77' title='bbox 879 1827 1047 1928; x_wconf 87' lang='lat' dir='ltr'>operculi</span> <span class='ocrx_word' id='word_1_78' title='bbox 1059 1826 1156 1928; x_wconf 88' lang='lat' dir='ltr'>apici</span> <span class='ocrx_word' id='word_1_79' title='bbox 1173 1827 1213 1902; x_wconf 91' lang='lat' dir='ltr'>in</span> <span class='ocrx_word' id='word_1_80' title='bbox 1228 1827 1437 1906; x_wconf 79' lang='lat' dir='ltr'>Dawsonio.</span> 
     </span>
    </p>

    <p class='ocr_par' dir='ltr' id='par_1_7' title="bbox 283 1951 1715 2334">
     <span class='ocr_line' id='line_1_11' title="bbox 338 1951 1715 2069; baseline 0.003 -32"><span class='ocrx_word' id='word_1_81' title='bbox 338 1966 379 2056; x_wconf 82' lang='lat'>5)</span> <span class='ocrx_word' id='word_1_82' title='bbox 403 1959 588 2040; x_wconf 83' lang='lat' dir='ltr'>Excidunt</span> <span class='ocrx_word' id='word_1_83' title='bbox 603 1961 743 2036; x_wconf 86' lang='lat' dir='ltr'>semina</span> <span class='ocrx_word' id='word_1_84' title='bbox 757 1959 804 2034; x_wconf 90' lang='lat' dir='ltr'>ad</span> <span class='ocrx_word' id='word_1_85' title='bbox 818 1961 1051 2038; x_wconf 85' lang='lat' dir='ltr'>membranae</span> <span class='ocrx_word' id='word_1_86' title='bbox 1066 1961 1230 2040; x_wconf 88' lang='lat' dir='ltr'>internae</span> <span class='ocrx_word' id='word_1_87' title='bbox 1246 1963 1458 2064; x_wconf 85' lang='lat' dir='ltr'>ruptionem</span> <span class='ocrx_word' id='word_1_88' title='bbox 1471 1961 1667 2069; x_wconf 82' lang='lat' dir='ltr'>epiphrag·</span> <span class='ocrx_word' id='word_1_89' title='bbox 1712 1951 1715 1959; x_wconf 38' lang='lat'>¹</span> 
     </span>
     <span class='ocr_line' id='line_1_12' title="bbox 283 2069 1664 2202; baseline 0 -28"><span class='ocrx_word' id='word_1_90' title='bbox 283 2113 384 2174; x_wconf 86' lang='lat' dir='ltr'>mate</span> <span class='ocrx_word' id='word_1_91' title='bbox 409 2095 561 2197; x_wconf 84' lang='lat' dir='ltr'>delapso</span> <span class='ocrx_word' id='word_1_92' title='bbox 583 2094 624 2170; x_wconf 90' lang='lat' dir='ltr'>in</span> <span class='ocrx_word' id='word_1_93' title='bbox 644 2093 876 2197; x_wconf 81' lang='lat' dir='ltr'>polytricho,</span> <span class='ocrx_word' id='word_1_94' title='bbox 902 2094 1077 2173; x_wconf 82' lang='lat' dir='ltr'>deorsum</span> <span class='ocrx_word' id='word_1_95' title='bbox 1110 2116 1226 2174; x_wconf 74' lang='lat' dir='ltr'>tracto</span> <span class='ocrx_word' id='word_1_96' title='bbox 1256 2099 1294 2173; x_wconf 91' lang='lat' dir='ltr'>in</span> <span class='ocrx_word' id='word_1_97' title='bbox 1324 2069 1486 2202; x_wconf 52' lang='lat' dir='ltr'>inpellit,</span> <span class='ocrx_word' id='word_1_98' title='bbox 1517 2124 1664 2175; x_wconf 40' lang='lat' dir='ltr'>¹cursum</span> 
     </span>
     <span class='ocr_line' id='line_1_13' title="bbox 288 2228 991 2334; baseline 0 -26"><span class='ocrx_word' id='word_1_99' title='bbox 288 2251 392 2334; x_wconf 83' lang='lat' dir='ltr'>rapto</span> <span class='ocrx_word' id='word_1_100' title='bbox 408 2257 476 2334; x_wconf 89' lang='lat' dir='ltr'>per</span> <span class='ocrx_word' id='word_1_101' title='bbox 492 2229 709 2331; x_wconf 74' lang='lat' dir='ltr'>operculum</span> <span class='ocrx_word' id='word_1_102' title='bbox 726 2228 766 2306; x_wconf 92' lang='lat' dir='ltr'>in</span> <span class='ocrx_word' id='word_1_103' title='bbox 782 2229 991 2310; x_wconf 68' lang='lat' dir='ltr'>Baunonia.</span> 
     </span>
    </p>
   </div>
   <div class='ocr_carea' id='block_1_6' title="bbox 0 0 2214 5396">
    <p class='ocr_par' dir='ltr' id='par_1_8' title="bbox 0 0 2214 5396">
     <span class='ocr_line' id='line_1_14' title="bbox 0 0 2214 5396; baseline 0 0"><span class='ocrx_word' id='word_1_104' title='bbox 0 0 2214 5396; x_wconf 95' lang='lat' dir='ltr'> </span> 
     </span>
    </p>
   </div>
  </div>
 </body>
</html>
