3884 5412
381 1195 1085 1390 ιιιιόἰιιι
1151 1247 1203 1422 ι.λ

97 1613 213 1759 finito
233 1647 309 1725 hoo
330 1647 455 1756 altero
467 1617 737 1752 supplemento,
758 1636 812 1725 ad
833 1649 975 1750 species
997 1633 1209 1762 musceium
1221 1618 1424 1772 Heduigii
1448 1674 1506 1722 ac·

99 1769 256 1866 cessorio,
281 1797 429 1847 necesse
452 1781 529 1850 esse
552 1764 710 1870 videtur,
735 1793 776 1847 ut
798 1774 875 1850 eius
896 1773 985 1850 libri
1010 1757 1200 1860 rationem
1209 1759 1425 1904 repetem.
1401 1749 1506 1844 coi-

98 1899 209 1978 n'lium
230 1904 301 1979 luit
326 1903 544 2006 Hedvrigio,
578 1931 705 1981 omnes
731 1905 802 1980 sibi
831 1925 934 1983 notas
953 1893 1181 2018 muccosum
1182 1896 1334 2017 species
1340 1869 1505 2005 descri-

95 2036 195 2134 ltere,
219 2059 256 2114 et
282 2063 361 2132 aas,
395 2066 490 2140 quse
520 2035 673 2140 abipso
679 2029 865 2142 noudum
889 2025 1018 2167 pictae
1035 2059 1176 2135 essent,
1207 2024 1380 2115 iconibus
1407 2037 1504 2114 illu·

97 2189 208 2246 strare
252 2171 381 2261 Quum
406 2192 489 2271 post
512 2191 779 2313 praematuram
804 2174 882 2249 eius
904 2161 1062 2251 mortem
1068 2150 1280 2301 advocatus
1300 2198 1436 2266 essem,
1457 2173 1507 2245 ad

95 2301 272 2404 hocopus
301 2297 506 2382 edendum·
532 2292 662 2381 omnes
685 2332 823 2406 spec1es
830 2367 844 2404 ,
855 2315 958 2410 quas
980 2307 1054 2407 ipsi
1076 2287 1212 2414 agnitas
1238 2295 1505 2416 noveram,iu

94 2438 211 2511 seriem
233 2438 501 2540 systematicam
522 2425 697 2539 redegi
667 2460 712 2514 et
731 2440 857 2515 icones
879 2460 916 2518 et
938 2423 1231 2554 descriptiones,
1234 2411 1383 2547 calamo
1401 2435 1505 2513 Hed-

94 2571 240 2669 tvigiaoo
261 2568 461 2644 delineatae¹
482 2597 578 2647 anuo
606 2567 946 2648 morimarusam
965 2559 1078 2647 edidi
1104 2555 1194 2648 Post
1214 2563 1357 2673 aliquot
1374 2596 1504 2666 annos,

93 2723 130 2776 ut
154 2701 350 2804 Hedvtigii
366 2729 479 2805 opera
501 2703 822 2800 continuarentur,
856 2693 896 2781 in
910 2675 1205 2842 supplemento
1217 2703 1340 2805 primo
1364 2703 1504 2812 species

91 2835 274 2940 plerasque
307 2858 411 2912 notas
445 2837 578 2914 eodem
608 2838 686 2914 lere
713 2814 844 2914 ordine
869 2839 1097 2936 systematico
1113 2835 1258 2914 iterum
1281 2831 1503 2933 enumeravi,

88 2954 364 3048 definitionibus
391 2971 497 3047 novis
530 2970 684 3046 distinxi
718 2993 755 3048 et
788 2973 975 3074 plurimas,
1012 2998 1102 3074 quas
1139 2991 1218 3048 tum
1249 2999 1504 3074 cognoveram,

90 3103 134 3178 ita
162 3105 315 3198 addidi,
353 3123 394 3177 nt
428 3105 605 3183 ducentae
634 3103 713 3180 lere
746 3105 887 3206 species
917 3105 1158 3216 accederent,
1191 3108 1324 3184 taltnhs
1348 3107 1368 3182 l
1397 3105 1446 3182 ad
1473 3109 1504 3181 C

90 3239 152 3336 (ex¹
168 3239 285 3337 parte)
314 3235 536 3336 exsculptae,
559 3236 696 3328 multas
711 3237 881 3330 iconibus
907 3239 955 3316 ad
973 3267 1141 3318 normam
1164 3240 1365 3338 Hedvvigii,
1391 3265 1507 3342 quan·

92 3387 163 3445 tum
187 3371 288 3446 valui
313 3366 436 3467 laetis,
468 3371 644 3450 illustravi
670 3392 706 3447 et
727 3371 889 3449 indicem
912 3371 1048 3467 adieci,
1080 3373 1145 3474 qui
1169 3373 1314 3473 paginas
1338 3374 1505 3471 omniurn

89 3499 271 3605 fledwigii
298 3531 455 3606 operum
477 3503 792 3634 systematicorum
812 3506 920 3580 simul
945 3506 1083 3581 citaret.
1134 3503 1329 3580 Crescente
1349 3523 1506 3603 quotan-

88 3633 139 3707 uie
158 3665 376 3714 muscorum
396 3664 552 3714 numero
573 3636 776 3714 secundum
797 3637 1125 3742 supplementum
1114 3667 1154 3714 ιιι
1175 3659 1333 3738 quatuor
1355 3637 1507 3712 fascium

85 3765 139 3843 lus
161 3757 424 3867 distributum,
460 3769 582 3869 edidi,
615 3771 749 3847 tabulis
778 3773 836 3850 Cl.
861 3772 909 3848 ad
933 3773 1004 3848 CC.
1036 3773 1186 3854 excusis.
1235 3770 1392 3847 Rerum
1389 3771 1506 3868 eopia

87 3920 121 3976 ct
154 3907 300 3980 novitas
331 3905 541 4006 impedivit,
587 3931 664 4007 quo
698 3905 819 3978 minus
856 3904 897 3978 in
933 3903 1008 3980 hoc
1045 3906 1300 4006 supplemento
1339 3902 1502 3982 secundo

83 4039 357 4138 systematioum
382 4037 552 4113 ordinem
582 4064 658 4112 nno
686 4009 812 4116 tenore
837 4036 941 4112 tertia
965 4038 1044 4112 vice
1074 4064 1336 4146 persequerer,
1368 4034 1435 4146 sed
1461 4057 1504 4110 ut

82 4167 205 4274 diquo
232 4193 358 4254 tamen
382 4172 498 4249 ιιιοιιο
523 4171 611 4247 libri
640 4198 725 4246 usus
754 4172 870 4272 magis
902 4144 1120 4247 commodus
1148 4168 1383 4248 redderetur.
1402 4169 1504 4274 ‘huic

82 4305 385 4406 supplemento
374 4327 508 4384 iterum
540 4287 703 4382 indicem
731 4332 830 4382 nunc
858 4279 996 4404 adieci,
1031 4296 1158 4384 omnes
1184 4305 1224 4380 in
1249 4300 1504 4410 Hedtvigianis
