4182 5414
509 596 584 686 1⁷4
645 642 913 670 ..,.,,.......,,-.-
967 655 1019 663 ..
1105 588 1303 685 ιΙρινομι
1353 633 1389 654 .,
1699 627 1741 644 .,

503 776 678 876 operibus
704 773 868 872 meisque
893 772 1155 872 supplementis
1187 794 1412 848 enumeratas
1435 776 1583 874 spedas
1610 774 1920 876 eomprehendam

502 931 598 1002 tem,
626 935 737 1008 quem
759 908 914 980 lectores
937 905 986 979 ad
1008 907 1148 981 calcem
1168 905 1279 982 buius
1301 907 1543 1007 supplementi
1569 910 1761 1008 reperient.

605 1043 809 1139 Supersunt
833 1068 922 1117 vero
950 1066 1025 1112 uon
1054 1066 1188 1138 paucae
1207 1067 1419 1114 museorum
1444 1041 1605 1138 speeies,
1639 1070 1795 1140 quarum
1820 1046 1914 1138 aliae,

503 1179 590 1250 lieet
620 1173 817 1272 Hedwigio
842 1193 966 1266 uotae,
1006 1193 1127 1248 tamen
1154 1173 1321 1246 nondum
1348 1175 1396 1249 ab
1428 1172 1627 1272 Hedwigio
1659 1175 1800 1274 pictae,
1835 1177 1917 1252 aliae

505 1331 590 1409 post
617 1311 694 1382 eius
717 1327 875 1380 mortem
897 1303 1065 1380 nondum
1090 1303 1242 1380 adeius
1268 1331 1433 1380 normam
1460 1303 1635 1384 dissectae
1663 1329 1701 1382 et
1723 1307 1917 1388 delineatae

509 1444 663 1518 fuerant.
713 1439 790 1514 Has
817 1439 983 1537 proxime
1005 1458 1041 1512 et
1068 1440 1276 1514 accelerato
1292 1438 1445 1537 quidem
1467 1466 1574 1538 passu
1596 1440 1801 1520 delinesbo.

606 1573 687 1656 Sed
705 1593 748 1648 ut
767 1571 906 1669 possim
930 1571 1082 1680 maxime
1106 1571 1361 1648 memorabiles
1383 1592 1420 1645 et
1441 1592 1598 1646 nostram
1627 1571 1675 1648 de
1700 1576 1839 1651 mttscis
1860 1601 1916 1650 nn·

504 1711 644 1784 tionem
660 1705 838 1809 'inprimis
868 1703 1128 1804 aneplifieantes
1159 1733 1325 1802 muscos,
1358 1729 1468 1802 ocyus
1494 1731 1578 1794 cum
1598 1707 1801 1790 lectoribus
1825 1735 1915 1782 eom·

504 1841 714 1933 municare,
732 1839 871 1938 absque
894 1865 939 1912 eo
958 1861 1000 1912 ut
1020 1839 1222 1934 systematis
1243 1837 1391 1912 vinculo
1415 1849 1650 1936 coerceremq
1674 1839 1753 1923 boe
1776 1843 1914 1918 tertium

506 1996 563 2067 et,
596 1975 627 2046 si
659 1974 767 2070 eopia
798 1971 930 2064 fuerit,
959 1973 1145 2072 sequentia
1169 1972 1436 2072 supplementa,
1469 1969 1652 2080 adnuente
1684 1973 1833 2048 Barthio
1857 1974 1916 2049 dis·

506 2103 936 2213 guissimoybibliopols,
978 2104 1028 2176 its
1069 2102 1232 2202 digerere
1264 2105 1457 2198 constitui,
1497 2125 1540 2176 ut
1574 2105 1660 2179 libri
1698 2133 1913 2206 possessores

504 2269 613 2314 suum
646 2241 802 2342 quisque
833 2237 1017 2313 ordinem.
1035 2235 1074 2310 in
1101 2235 1360 2312 conservandis
1385 2237 1555 2328 ieom'bus
1582 2238 1751 2340 delegere
1785 2240 1914 2342 possint

505 2397 542 2466 et
568 2365 692 2448 icones
716 2387 796 2474 quo·
814 2371 928 2446 velim
952 2365 1082 2442 ordine
1109 2369 1346 2464 distribuant,
1372 2369 1609 2468 quamobrem
1629 2371 1756 2448 icones
1783 2395 1912 2447 tautum

505 2509 668 2582 numeris
694 2535 715 2580 a
741 2503 992 2580 ducentesimo
1022 2503 1144 2602 primo
1175 2501 1368 2578 exordiens
1398 2501 1615 2602 distinguam
1649 2526 1687 2580 et
1714 2503 1913 2604 desetiptio·

504 2667 569 2718 nes
604 2641 755 2713 ieonum
792 2635 954 2710 numeris
992 2635 1200 2714 inscribam.
1252 2637 1435 2736 Sequetur
1473 2655 1557 2744 post
1595 2637 1747 2740 aliquod
1780 2659 1910 2735 tempus

504 2741 671 2850 omnium
696 2796 906 2846 museomm
930 2768 971 2844 iu
995 2765 1245 2867 Hedtrigianis
1272 2768 1447 2867 operibus
1471 2770 1637 2870 meisque
1660 2768 1909 2872 supplementis

506 2907 777 3006 descriptorum
798 2903 992 3004 dispositio
1014 2899 1255 3004 systemsdca,
1281 2900 1322 2973 in
1343 2927 1416 3004 qua
1439 2903 1670 3000 mutationes,
1696 2931 1787 3006 quas
1808 2903 1910 2978 serior

509 3060 607 3114 aetas
630 3035 894 3134 expostulabit,
918 3034 1016 3108 sacili
1034 3061 1146 3132 opera
1165 3034 1205 3105 in
1225 3061 1331 3107 usum
1356 3036 1523 3110 converti
1544 3058 1733 3136 potemnt.

608 3163 714 3244 lianc
751 3195 840 3244 vero
878 3187 1058 3270 generum
1094 3166 1377 3264 dispositionem
1409 3168 1483 3242 boc
1520 3191 1688 3272 tempore
1723 3167 1908 3244 exhibendi

507 3305 673 3412 noudum
698 3303 833 3410 inboe
856 3326 968 3412 opere
986 3289 1095 3376 locus
1113 3322 1186 3392 est,
1218 3305 1302 3400 qm'a
1326 3301 1366 3372 in
1387 3327 1431 3372 eo
1456 3302 1560 3398 plura
1580 3329 1711 3402 genera
1732 3304 1908 3404 hueusque

505 3469 578 3515 non
605 3441 692 3513 satis
721 3437 835 3540 polita
865 3453 1048 3534 prostant,
1081 3461 1175 3536 quae
1198 3435 1354 3507 aliorum
1380 3433 1603 3534 scriptorum
1629 3463 1717 3509 eura
1743 3458 1906 3512 exstructa

506 3597 599 3648 stunt
651 3575 738 3646 Duo
769 3593 888 3645 tamen
927 3593 1055 3666 genera
1088 3593 1378 3640 commemorare
1409 3567 1552 3662 licebit¹
1593 3596 1687 3668 quae
1720 3567 1905 3672 systematis

508 3707 784 3808 dispositionem
809 3701 915 3776 vaide
938 3679 1163 3774 commutare
1184 3680 1372 3794 desuem
1398 3700 1431 3772 si
1456 3679 1571 3776 modo
1591 3704 1745 3777 firmiter
1766 3701 1906 3778 stabilita

508 3861 646 3934 esseut3
677 3833 895 3911 Archidimn
924 3833 1119 3924 nimirum,
1140 3831 1244 3930 quod
1265 3859 1287 3906 a
1310 3831 1446 3932 pbnsco
1470 3835 1519 3906 ob
1541 3837 1729 3932 vaginulae
1750 3833 1904 3938 [praedi-

507 3979 649 4070 catum)
676 3971 861 4046 defectum
885 3993 907 4040 a
928 3965 1066 4064 pbnseo
1091 3969 1339 4040 seiunctumm
1366 3989 1444 4039 esse
1469 3966 1675 4041 Bridelium
1705 3971 1748 4042 in
1769 3967 1906 4066 bryolo·

508 4107 592 4203 gine
613 4099 922 4194 romestannio,
953 4099 1138 4204 comperi,
1168 4119 1205 4172 et
1229 4097 1412 4192 Holliam,
1442 4127 1553 4200 qnam
1574 4123 1726 4202 prupter
1743 4105 1906 4204 edpptrae

509 4267 596 4312 eum
626 4231 856 4338 'periebaetio
882 4232 1159 4310 comminutam
1186 4233 1335 4333 eiusque
1365 4231 1664 4312 dilaeerationem
1693 4231 1905 4312 terminalem
