4182 5414
426 487 502 637 4ιε).
890 538 1180 621 ,assessorum
1203 481 1369 627 unere

431 749 479 826 et·
500 724 656 807 similior
689 744 743 802 est
774 725 1027 823 Astrodontii,
1065 725 1408 826 Antinodontiique.
1460 722 1556 799 Sunt
1574 720 1706 800 'eninr'
1723 694 1851 839 denies

433 861 640 952 molliores,
661 855 816 957 turgidi,
843 859 942 936 intus
963 861 1058 952 albi,
1092 861 1260 963 plurimis
1285 860 1424 957 exiguis
1447 858 1557 933 sulcis
1580 855 1852 954 notati3etiana

430 993 711 1071 situdifferunt.
760 995 927 1070 Primum
952 994 1051 1071 euim
1083 1023 1158 1071 uon
1188 994 1395 1070 innituntur
1416 994 1540 1068 statim
1567 969 1738 1094 capsulae
1760 972 1854 1068 inus.

431 1129 530 1230 gini3
558 1124 623 1202 sed
653 1149 785 1203 exeunt
816 1155 836 1202 e
865 1129 1078 1206 membrana
1110 1128 1322 1206 brevissima
1351 1127 1592 1222 horisontali,
1620 1133 1674 1202 nt‘
1695 1101 1854 1229 spatium

431 1281 574 1339 maneat
609 1287 677 1360 pro
712 1262 869 1336 annulo:
905 1261 1041 1343 deiude
1072 1262 1279 1362 eriguntur,
1317 1248 1360 1337 ut
1388 1262 1500 1337 dorso
1536 1271 1603 1337 s‘n'n
1632 1260 1855 1338 extrinsecus

433 1396 684 1499 promineant,
708 1395 909 1476 ascendunt
927 1419 1054 1496 postea
1075 1420 1112 1473 et
1128 1395 1319 1497 cuspidem
1336 1425 1438 1472 suam
1461 1397 1621 1470 siccitate
1637 1393 1857 1485 etmadoris

431 1530 575 1606 luxurie
610 1530 706 1611 inter·
734 1528 938 1629 peristomii
963 1530 1291 1612 intercidentium
1321 1532 1439 1632 spatia
1463 1532 1678 1624 inflectunt;¹
1709 1527 1742 1602 si
1767 1512 1857 1602 vero

432 1663 580 1739 modice
610 1661 760 1746 mudent
785 1687 869 1759 sut,
901 1687 944 1740 ut
967 1667 1153 1744 coniicere
1177 1666 1284 1759 licet,
1323 1666 1354 1740 si
1384 1686 1531 1764 turgore
1563 1661 1663 1738 vitali
1686 1659 1859 1762 gaudent,

432 1798 624 1899 cuspidem
649 1800 820 1874 attollunt
837 1802 899 1898 fig.
920 1803 1004 1895 ro.,
1029 1800 1148 1874 hnlitu
1170 1802 1245 1875 oris
1268 1800 1420 1875 emolliti
1442 1818 1592 1897 repente
1612 1796 1710 1870 inter
1731 1794 1863 1870 dentes

432 1931 776 2006 internos·eandem
801 1934 1007 2023 inflectunt,
1029 1958 1115 2006 mox
1139 1952 1279 2007 retento
1306 1933 1424 2007 halitu
1448 1929 1657 2005 surrecturi.
1695 1927 1861 2029 Separati

434 2061 694 2165 aperistomio
715 2065 862 2140 interno
885 2066 1044 2143 eundum
1071 2066 1192 2170 lusum
1215 2066 1417 2166 recipiunt,
1445 2085 1482 2140 et
1504 2091 1571 2164 per
1595 2062 1795 2139 siccitatem
1821 2063 1862 2138 in

434 2199 574 2274 rotulae
591 2200 747 2279 forman
770 2201 1057 2294 contrahuntur3
1084 2198 1277 2276 madefacti
1297 2225 1421 2273 rursus
1443 2198 1646 2295 eriguntur,
1670 2220 1864 2272 recurran-

434 2352 494 2415 tur
517 2354 574 2426 et,
596 2333 623 2406 S
647 2335 804 2413 Romani
825 2335 1027 2412 directione
1049 2356 1210 2434 peracta,
1235 2334 1456 2428 escendunt,
1480 2330 1632 2433 cuspide
1657 2352 1819 2407 nutante.

537 2471 620 2546 obn.
649 2469 736 2546 Post
756 2492 920 2550 excusam
946 2470 1093 2546 iconem
1119 2498 1258 2563 meam,
1280 2439 1528 2544 Bridelinuam
1547 2466 1645 2562 ridi,
1672 2466 1738 2566 qui
1756 2465 1861 2541 bunc

435 2627 603 2689 muscum
636 2603 876 2686 lllacrothecii
911 2606 970 2682 vel
1006 2604 1227 2704 Megalnngii
1260 2604 1412 2678 nomine
1445 2602 1615 2677 distinxit
1647 2623 1686 2677 et
1717 2620 1862 2701 praeter

435 2733 565 2822 (lentes
591 2737 703 2821 etiam
725 2739 808 2821 cilia
834 2741 874 2817 in
900 2740 1048 2820 interno
1074 2737 1289 2840 peristomio
1313 2739 1482 2834 exhibet,
1505 2758 1544 2812 et
1566 2764 1608 2813 ea
1630 2735 1861 2836 quidmst

436 2890 545 2953 recte
561 2871 710 2956 iconem
734 2874 920 2973 intelligo,
952 2875 1047 2953 inter
1068 2872 1202 2972 singuli
1226 2872 1345 2949 dentis
1369 2879 1476 2948 crura
1495 2873 1720 2973 interposita.
1770 2869 1859 2946 Tali

436 3004 588 3106 quidem
612 3007 729 3081 modu
750 3005 928 3106 disposita
954 3034 1025 3108 ego
1049 3009 1088 3082 in
1115 3010 1220 3083 nullo
1241 3035 1404 3109 unquam
1428 3034 1578 3103 musco,
1607 3031 1730 3107 neque
1748 3004 1860 3084 etiarn

437 3137 478 3216 iu
497 3137 573 3220 hoc
594 3142 782 3240 conspexi.
1808 3147 1812 3157 '

489 3270 582 3350 Tab.
609 3276 761 3354 CXCV.
783 3278 844 3376 fig.
873 3304 902 3354 r.
927 3278 1071 3377 plantae
1095 3277 1276 3355 femineae
1301 3284 1393 3374 tres,
1421 3279 1582 3354 mascula
1608 3303 1682 3351 nna
1708 3275 1860 3351 mininis

542 3410 794 3509 magnitudine
825 3413 990 3488 naturali.
1019 3414 1083 3514 fig.
1109 3434 1142 3486 a.
1167 3415 1281 3488 caulis
1309 3414 1488 3490 semineus
1512 3412 1599 3489 cum
1623 3409 1724 3487 binis
1745 3409 1864 3484 inno·

543 3546 771 3643 rationibus,
798 3569 926 3626 auctus
951 3570 1019 3627 ter.
1045 3551 1106 3649 fig.
1130 3555 1165 3624 5.
1184 3549 1316 3624 solium
1344 3577 1390 3626 ex
1412 3548 1666 3643 inferioribus,
1691 3518 1729 3621 4.
1750 3570 1771 3621 e
1791 3569 1866 3631 sno,

543 3682 753 3780 purioribus
782 3684 958 3776 caulinis,
989 3704 1091 3760 auctu
1115 3684 1323 3786 quinquies.
1357 3687 1419 3790 fig.
1445 3693 1480 3761 5.
1510 3710 1602 3783 npex
1627 3680 1709 3756 solii
1735 3692 1864 3756 anctus

538 3817 660 3913 pules.
702 3822 764 3920 fig.
795 3826 829 3895 6.
856 3846 950 3920 spes
978 3821 1094 3895 caulis
1128 3847 1214 3894 cnm
1245 3825 1337 3896 flore
1369 3793 1534 3896 masculo
1566 3838 1699 3892 anctus
1724 3833 1865 3920 qnater.

542 3952 602 4052 fig.
629 3980 663 4050 7.
686 3954 856 4029 antherae
880 3954 972 4030 duae
996 3984 1082 4030 cum
1105 3955 1370 4058 paraphysibus
1391 3977 1428 4031 et
1447 3956 1541 4032 lolio
1560 3949 1695 4055 calycis
1714 3949 1864 4039 intim,

541 4111 667 4171 erutae
701 4091 813 4171 rein.
851 4091 912 4189 fig.
938 4096 973 4166 8.
1002 4093 1173 4190 vaginuln
1203 4118 1291 4165 eum
1328 4093 1469 4166 ramulo
1502 4091 1720 4184 innovante,
1756 4106 1862 4161 auctr

545 4247 680 4326 qnnter.
703 4230 763 4327 fig.
785 4253 820 4324 p
845 4227 993 4327 cnpeula
1017 4247 1121 4301 aucta
1140 4246 1206 4302 ter.
1226 4229 1287 4327 fig.
1313 4251 1367 4302 ro
1388 4228 1554 4328 capsulae
1579 4249 1671 4327 apex
1689 4248 1775 4298 cnm
1797 4244 1863 4318 pe·
