3884 5412
694 602 886 698 Epuogm.
1429 612 1502 702 175

75 791 240 892 separarit
266 793 309 866 ab
333 789 508 864 omnibus
528 790 664 864 muscis
686 789 880 885 Sieberus,
909 788 950 862 in
980 788 1291 888 Ephemeridibus
1317 793 1501 872 botanicis

71 926 386 1003 Ratisbonensibus
416 929 524 1000 1826.
553 953 587 1003 ts
610 953 647 1024 p.
671 931 758 1007 225.
809 924 1031 1001 Archidium
1057 928 1176 1020 cuim,
1209 926 1285 1000 sive
1315 930 1498 1007 Phascum

67 1067 277 1164 globiserum
311 1060 482 1158 Bruebii,
516 1063 672 1138 omnino
698 1061 906 1161 vaginulam
930 1063 1041 1138 habet
1067 1085 1102 1137 et
1133 1081 1273 1134 tantum
1296 1064 1497 1164 calyptram

70 1199 277 1298 phascorum
300 1196 537 1294 dissimilem,
561 1198 692 1300 itaque
711 1198 851 1298 poterit
873 1198 1023 1297 quidem
1047 1226 1065 1270 a
1089 1196 1215 1297 phasei
1238 1222 1372 1294 genere
1393 1227 1495 1301 sepa.

72 1335 157 1429 rari,
179 1361 252 1407 non
272 1359 361 1410 vero
388 1353 464 1410 tam
485 1337 597 1437 louge
614 1363 640 1416 a
659 1334 796 1408 muscis
818 1333 899 1408 aliis
924 1332 1189 1409 removendum
1214 1354 1285 1429 est,
1316 1361 1425 1432 quam
1452 1334 1495 1412 id

71 1471 181 1564 fieret,
200 1469 229 1542 si
243 1469 409 1570 vaginula
430 1498 514 1548 vere
531 1471 810 1567 destitueretur,
833 1491 870 1545 et
885 1471 1006 1547 Hollia
1023 1491 1253 1569 myrmeeosa
1275 1467 1369 1542 nihil
1391 1471 1493 1547 aliud

76 1624 138 1696 est,
163 1633 268 1708 quarn
289 1606 498 1681 Dicnemon
522 1613 727 1705 calycinum
750 1605 861 1680 huius
886 1609 1032 1705 operis,
1064 1603 1288 1700 (Leueodou
1312 1609 1495 1705 ealyeiuua

74 1739 270 1836 Hooleri),
301 1744 407 1818 cuius
431 1742 566 1842 etipsa
586 1743 789 1842 specimina
810 1742 1021 1818 Sicberiana
1051 1740 1146 1817 mihi
1171 1740 1418 1818 exbibuerunt
1437 1768 1497 1815 ea·
1544 1731 1546 1740 ¹

70 1873 233 1975 lyptram,
265 1882 369 1978 apice
392 1903 468 1952 uon
490 1877 673 1977 perviam,
705 1879 858 1978 basique
890 1876 1159 1978 uperichuetio
1182 1897 1229 1950 et·
1246 1877 1414 1976 vaginula
1436 1904 1494 1952 so-

71 2009 172 2082 lutam
205 2032 238 2085 et
272 2009 400 2088 dentes
431 2013 639 2113 peristomii
665 2013 705 2086 in
736 2013 882 2089 iuniore
911 2015 1035 2091 fructu
1073 2013 1241 2089 nondum
1263 2015 1394 2108 fissos,
1427 2013 1493 2088 sed

74 2145 207 2220 fissurae
226 2169 345 2223 tamen
366 2149 510 2222 futurae
531 2149 686 2248 vestigio
709 2169 868 2232 notatos.
920 2149 1002 2238 Qua
1035 2149 1081 2224 de
1112 2177 1221 2224 eausa
1244 2150 1396 2224 alterum
1418 2169 1494 2223 tan·

75 2296 146 2349 tum
160 2279 283 2356 lterum
300 2308 478 2381 generum
495 2284 699 2359 incensum
720 2287 883 2384 recipere
900 2303 1043 2387 potero.

166 2416 307 2493 Gratiae
329 2445 417 2494 vero
439 2420 704 2520 persolvendae
728 2443 811 2494 sunt
833 2421 897 2519 iis‘,
933 2419 998 2522 qul
1025 2417 1120 2493 hanc
1146 2421 1319 2518 operum,
1350 2418 1491 2496 traditis

71 2574 265 2628 muscarum
281 2554 557 2655 speciminibus,
569 2557 760 2632 'sublevare
776 2577 813 2631 et
828 2556 976 2631 munice
1000 2555 1207 2650 voluerunt,
1230 2581 1393 2656 quorum
1409 2562 1490 2656 qui-

69 2680 143 2756 dem
168 2686 326 2762 virorum
341 2715 523 2800 'numerus
544 2711 665 2764 tantus
680 2689 761 2787 est,
793 2701 986 2767 uteorum
1007 2717 1137 2764 census
1161 2689 1300 2791 absque
1323 2691 1491 2768 vanitatis

65 2821 182 2916 specie
205 2823 331 2896 referri
357 2851 377 2896 a
399 2851 459 2899 me
486 2851 562 2900 non
592 2827 700 2904 facile
726 2847 844 2928 queat.
886 2823 1216 2916 'Quamobrem'iir
1236 2851 1285 2900 'eo
1308 2827 1490 2929 acquievi,
1558 2811 1562 2824 “

66 2973 101 3024 ut
123 2953 169 3032 ad
188 2957 392 3056 specierum
416 2987 613 3059 novarum,
644 2965 689 3042 ab
712 2963 939 3038 iis'mccum·
953 2948 1332 3056 communicatarum,
1358 2963 1493 3040 descri-

66 3089 219 3189 ptiones,
250 3093 470 3171 donantium
489 3097 641 3173 nomina
663 3095 919 3175 collaudarem.
972 3095 1084 3173 Multi
1114 3119 1300 3197 praeterea
1327 3097 1493 3202 aperien-

67 3220 116 3295 dis
134 3226 298 3326 ipsorum
323 3228 501 3305 thesauris
522 3252 585 3306 aut
605 3235 854 3336 antiquiorum
875 3232 1095 3330 scriptorum
1119 3232 1293 3327 Dillenii,
1319 3231 1490 3330 Linnaei,

65 3354 255 3462 Dicksoni,
269 3368 554 3470 noqueunt,
579 3366 802 3466 Michauxii‚
822 3365 985 3450 Villarsii
1003 3387 1069 3444 etc.
1098 3365 1261 3465 reliquiis
1284 3391 1344 3440 me
1368 3368 1489 3443 suble·
1548 3419 1550 3424 ,

66 3515 193 3570 vamur.
759 3515 761 3522 ’

158 3629 300 3710 Dabam
325 3637 489 3715 calendis
516 3641 658 3740 Aprilis
682 3638 1029 3718 MDcchttVtt.

1079 3846 1458 3945 Sclttrilgriehen.
