3884 5412
752 1255 1363 1343 NECKERA.

355 1471 384 1526 t.
418 1469 630 1542 assatctttt,
667 1447 771 1522 caule
802 1443 1065 1538 decumbente3
1101 1448 1209 1528 ramis
1240 1446 1401 1548 pinnatis
1440 1441 1639 1545 depressis,
1674 1443 1773 1520 iuliis

450 1579 609 1660 cordatis
631 1583 845 1678 enervibus,
876 1583 1024 1685 capsula
1049 1582 1282 1658 teretiuscula
1307 1582 1411 1658 laevi.
1461 1579 1553 1654 Tab.
1577 1577 1772 1655 cxcvn.

263 1740 270 1755 ·
400 1719 441 1794 ln
467 1715 558 1794 saxis
587 1713 634 1790 nd
665 1714 817 1790 fluvium
842 1743 959 1816 prope
983 1715 1103 1792 Padre
1125 1716 1246 1792 Cerco
1270 1717 1340 1790 llio
1360 1715 1431 1790 Bio
1456 1714 1578 1813 Panga
1597 1713 1774 1788 Brasiliac

447 1849 536 1952 legit
559 1846 660 1946 dilig.
681 1847 853 1950 Beyricb,
882 1851 948 1950 qui
971 1851 1071 1923 iussu
1090 1849 1183 1948 regis
1206 1848 1395 1924 Borussiae
1418 1875 1484 1948 per
1507 1849 1631 1946 plures
1655 1873 1774 1922 annos

451 1987 590 2086 pletttsa
616 1981 709 2058 viras
733 1983 880 2082 collegit
905 2003 941 2059 et
960 1985 1000 2058 in
1024 1983 1173 2059 bortum
1189 1983 1463 2059 Berolinensem
1484 1982 1641 2058 feliciter
1660 2002 1775 2060 trans·

452 2115 547 2194 tulit.
602 2135 645 2202 at.

501 2253 626 2328 caula
655 2251 890 2352 praelongas,
926 2252 1065 2347 tenuis,
1103 2251 1296 2352 aliquoties
1332 2249 1491 2328 divisusr
1528 2250 1636 2326 ramis
1666 2249 1776 2326 binn-

346 2385 500 2464 citlibus
531 2405 593 2460 aut
624 2385 895 2482 trinacialibus,
932 2385 1120 2480 distichis,
1151 2383 1335 2486 pinnatis,
1365 2384 1565 2487 depressis,
1598 2385 1660 2459 hic
1692 2383 1773 2458 illic

347 2519 589 2600 aedicularum
616 2519 828 2596 fasciculum
856 2547 970 2594 unum
1001 2521 1202 2594 alterumve
1232 2517 1423 2593 edentibus
1452 2541 1514 2594 ant
1542 2521 1647 2620 apice
1671 2519 1772 2593 radi·

345 2653 512 2731 cautibus
546 2673 582 2730 at
614 2679 748 2732 novum
779 2681 922 2730 ramum
952 2653 1214 2728 emittentibus.
1265 2657 1374 2728 Folio
1403 2652 1559 2729 dorsalia
1580 2677 1770 2752 appresso,

344 2788 501 2868 lateralia
524 2787 662 2890 patula,
688 2787 856 2884 cordata,
883 2807 1001 2884 acuta,
1029 2787 1185 2881 enervia,
1211 2785 1452 2888 integerrima,
1475 2787 1611 2888 pallide
1633 2784 1773 2860 uiridia

347 2921 393 3002 ad
420 2923 582 3000 novellos
607 2947 740 3018 ramos,
766 2920 1118 2996 lacessenti-viridia
1139 2922 1185 2996 ad
1207 2920 1378 2997 seniores.
1427 2927 1557 2998 Floras
1582 2927 1771 2998 monosca‘:

346 3059 502 3132 ramenta·
525 3055 564 3130 in
595 3053 845 3154 superioribus
875 3075 937 3128 aut
978 3055 1187 3128 iunioribus
1218 3056 1330 3128 caulis
1358 3057 1539 3156 partibus,
1578 3057 1689 3132 etiam
1720 3057 1773 3130 ad

346 3191 452 3266 basin
475 3187 786 3282 ramusculorum,
817 3189 916 3262 foliis
940 3189 1054 3289 duplo
1077 3188 1284 3283 breviores,
1314 3191 1430 3284 orati,
1460 3191 1553 3266 fusci
1584 3212 1647 3264 aut
1671 3191 1776 3265 rasse·

343 3343 506 3404 scantasr
526 3325 627 3420 solio
651 3321 728 3398 lara
751 3321 888 3422 viginti,
914 3321 1066 3416 minuta,
1091 3341 1196 3397 ovato
1211 3321 1458 3412 acuminata,
1482 3323 1641 3399 enervia.
1688 3332 1774 3400 Arr-

342 3459 469 3536 tbsrce
490 3456 665 3552 totidem,
690 3455 975 3551 nainruissimae,
1002 3476 1147 3550 ovatae,
1173 3455 1351 3554 turgidae,
1376 3456 1778 3555 luteaezparoplyses

342 3593 531 3694 copiosas,
555 3589 808 3684 tenuissimas,
837 3589 1048 3686 filisormes,
1079 3589 1240 3665 aetheris
1269 3591 1485 3690 plerumque
1509 3589 1669 3668 dimidio
1690 3592 1779 3666 lon·

342 3727 484 3826 glosas,
504 3725 665 3802 articatlis
688 3723 804 3824 duplo
825 3723 1055 3823 longioribus
1081 3751 1192 3826 qnam
1214 3725 1424 3820 latioribus,
1449 3721 1639 3825 limpidae.
1686 3729 1779 3802 Flo·

341 3885 401 3934 rso
420 3861 584 3956 fimirtai
616 3858 665 3933 ad
692 3857 798 3932 basin
831 3858 1010 3955 caulium,
1052 3859 1225 3957 oblongi,
1261 3859 1360 3934 foliis
1396 3860 1492 3933 forte
1523 3857 1695 3958 triginta,
1728 3885 1778 3934 cx

343 4013 452 4072 ovato
483 4013 634 4096 repente
662 3991 895 4088 acuminatis,
928 3993 1095 4093 apicibus
1119 3992 1251 4092 patulis
1272 3993 1331 4068 vel
1352 3991 1575 4093 quandoque
1595 3993 1781 4068 recursis.

342 4129 481 4204 Barata
503 4149 538 4204 et
559 4127 801 4204 mascralarum
821 4125 959 4201 similes
982 4129 1220 4228 pnrnplyses
1248 4127 1428 4228 copiosae.
1485 4129 1681 4224 Vaginuta
1710 4153 1780 4202 cn·

341 4257 558 4358 nico-teras,
582 4265 718 4364 glabra,
741 4259 932 4336 latescens
983 4265 1208 4340 Peduncalrrs
1229 4261 1288 4338 rix
1311 4261 1475 4358 uncialis,
1500 4263 1635 4362 tennis,
1660 4287 1776 4362 saepe
