4534 5408
588 569 889 666 Gymnostomum
913 574 1124 648 involutum.
1516 589 1562 658 81

143 753 1565 799 m

379 1096 1329 1182 GYMNOSTOMUM.

147 1299 182 1366 5.
213 1320 451 1393 ruvonunntr,
478 1300 724 1400 subsimplex,
753 1301 851 1375 foliis
871 1299 1232 1379 lanceolata-cratis
1262 1302 1419 1380 dentatis
1439 1308 1564 1387 solidi·

246 1433 418 1509 uersibus
449 1436 610 1542 margine
637 1435 831 1524 involutis,
860 1438 1009 1538 capsula
1038 1435 1224 1532 fililormi,
1255 1439 1431 1537 operculo
1459 1441 1565 1520 brevi

243 1565 427 1643 subulato.
477 1569 572 1644 Τὼ.
595 1567 809 1643 CLXXVI.

192 1700 503 1801 Gymnostomum
547 1704 747 1776 involutum
761 1753 775 1790 ,
820 1703 924 1777 caule
965 1703 1134 1799 elongato
1176 1705 1415 1801 subrnmoso,
1462 1709 1562 1787 foliis
1610 1741 1613 1748 ¹

245 1833 610 1908 ovato-lanceolatis
639 1836 801 1933 margine
832 1836 1023 1936 insigniter
1050 1835 1246 1933 involutis,
1280 1866 1393 1914 nervo
1417 1841 1464 1916 atl
1487 1849 1563 1944 api.

241 1993 324 2042 cem
344 1967 566 2066 attingente,
588 1989 667 2044 seta
686 1969 869 2068 elongata,
896 1973 1042 2074 capsula
1060 1991 1211 2071 anguste
1233 1971 1478 2074 cylindrucco,
1499 2003 1562 2055 ore

246 2102 438 2197 annulato,
461 2103 637 2200 operculo
660 2103 843 2179 subulnto.
895 2103 1022 2180 Hook.
1045 2131 1158 2180 muso.
1180 2123 1273 2181 exot
1296 2131 1331 2180 s.
1359 2127 1388 2180 t.
1413 2114 1497 2184 154.

195 2231 241 2304 ln
267 2231 382 2332 Nepal
406 2235 542 2309 lectum
568 2234 749 2311 dederunt
771 2241 811 2315 P.
834 2237 875 2310 Ρ.
900 2239 1057 2314 Hoolrcr
1079 2259 1116 2314 et
1136 2239 1280 2338 Taylor.
1334 2257 1376 2320 ²4.

246 2371 374 2442 Radix
412 2368 593 2466 basileris,
634 2355 841 2472 capillacea.
896 2375 1016 2446 Catulis
1054 2371 1227 2464 uncialis,
1266 2372 1443 2471 simplex,
1481 2401 1563 2452 mro

141 2528 281 2576 ramum
313 2501 444 2599 edens,
469 2525 622 2579 erectus.
671 2509 780 2581 Folia
807 2507 1149 2606 erecto-putentia,
1183 2504 1304 2578 minus
1333 2503 1464 2598 densa,
1490 2509 1565 2582 lan.

142 2635 439 2732 oculato-ovata,
466 2637 570 2735 apice
599 2639 675 2713 fere
706 2638 889 2738 ellipticn,
918 2637 1082 2735 dentata,
1106 2637 1268 2735 margine
1293 2638 1371 2714 laxe
1394 2639 1564 2718 involuto

140 2789 180 2842 ut
208 2769 251 2843 in
280 2758 498 2846 media'sua
525 2769 758 2872 longitudine
792 2774 870 2848 fere
899 2772 1138 2876 cylindricum
1166 2768 1233 2865 sit,
1263 2797 1332 2847 nec
1362 2791 1484 2851 tamen
1511 2777 1564 2854 itt

141 2926 304 3002 erctum,
329 2927 372 2980 ut
394 2933 468 2980 non
489 2906 606 3007 possit
625 2906 878 2983 convertendo
903 2907 995 2983 lolio
1020 2932 1150 2982 nervus
1171 2905 1358 3007 conspici,
1386 2908 1566 2986 lntescens

141 3039 207 3113 tia:
236 3065 353 3114 nervo
378 3066 519 3136 crasso,
547 3041 589 3114 in
616 3040 719 3142 apice
746 3042 911 3144 paullum
941 3060 1169 3141 emergente,
1190 3041 1398 3117 concolori:
1421 3044 1564 3121 cellulis

140 3174 177 3247 in
207 3174 314 3276 apice
340 3173 597 3270 subrotundis,
625 3176 664 3247 in
693 3175 774 3248 basi
801 3173 1000 3278 quadratis.
1050 3177 1178 3252 Flores
1199 3172 1323 3250 dioeci
1344 3178 1563 3273 terminales,

139 3310 245 3384 caule
277 3335 384 3408 saepe
407 3329 490 3408 post
517 3309 616 3408 ipsos
639 3336 714 3382 uno
743 3329 806 3384 aut
833 3309 974 3411 duplici
999 3334 1099 3382 ramo
1129 3309 1347 3383 innovante:
1380 3317 1563 3394 musculus

140 3443 232 3519 lolio
257 3441 402 3518 caulino
426 3441 485 3520 vix
508 3439 674 3548 dimidiu,
688 3443 830 3538 minor,
854 3464 999 3536 ovatus,
1026 3442 1170 3535 fuscus,
1197 3439 1296 3515 soliis
1319 3441 1564 3542 utplurimum

143 3581 248 3654 trinis
271 3578 373 3676 apice
395 3577 529 3676 patulis
553 3597 591 3652 et
613 3603 689 3652 uno
711 3579 872 3653 alterove
887 3574 1019 3651 intimo
1040 3574 1194 3672 minore,
1220 3572 1563 3676 lineari-oblongis,

144 3712 424 3808 obtusiuscu'lis,
454 3709 750 3787 solidinervibus.
798 3713 993 3787 Aratherae
1018 3709 1141 3810 plures
1171 3735 1281 3808 quam
1314 3707 1483 3808 triginta,
1514 3728 1565 3786 tc·

143 3847 384 3935 retiusculae,
420 3846 614 3942 curvulae,
653 3846 797 3940 tuscas,
837 3845 1004 3945 explosae
1038 3847 1282 3918 flavescentes.
1331 3845 1566 3940 Paraplp‘ses

144 3980 309 4056 enthecis
331 3979 454 4080 paullo
474 3979 676 4079 longiores,
702 3979 916 4068 filiformes,
939 3977 1102 4054 articulis
1121 3977 1181 4052 vix
1202 3976 1432 4077 longioribus
1455 4003 1566 4074 ‹pnam

142 4112 350 4192 latioribus.
402 4117 523 4192 Floris
536 4116 700 4208 fiminct‘
725 4114 814 4189 tolia
836 4111 987 4189 caulinis
1008 4111 1161 4208 similia,
1186 4109 1315 4184 intime
1337 4109 1499 4206 minora,
1523 4112 1567 4186 li·

145 4249 290 4346 usaria,
328 4248 470 4326 obtusa.
518 4252 659 4327 Pistilla
692 4246 859 4351 copiosa,
893 4247 995 4345 urta,
1032 4267 1075 4322 ut
1109 4247 1341 4344 pnraplyses
1375 4245 1567 4346 capillares

1118 4381 1152 4454 L
