4534 5408
638 588 860 682 Splaolutttm
882 591 1165 664 Marcianum.
1565 603 1613 692 89

188 776 321 847 Floras
351 770 543 846 monoeci:
576 775 728 846 morsali
764 773 994 874 subglolrosi:
1021 777 1127 876 soliis
1163 773 1354 874 oblongis,
1387 780 1612 858 acuminatis.

187 909 384 984 Aubereo
404 903 599 1003 plurimae,
626 907 830 1004 cylindrico
845 927 1019 1000 ·oratse,
1047 907 1279 983 latescentes:
1300 915 1535 1010 poroplysea
1553 943 1614 990 an.

188 1042 307 1116 theris
344 1064 414 1140 pro
445 1058 572 1137 quarta
607 1061 709 1139 porte
739 1040 946 1138 longiores,
981 1041 1191 1135 filiformes,
1233 1043 1477 1142 pallescentes.
1530 1053 1616 1122 Flos

175 1175 372 1265 jemineus
394 1173 430 1243 in
456 1171 557 1270 apice
579 1175 700 1247 caulis.
740 1179 849 1249 Folio
872 1172 1033 1267 calycina
1053 1173 1216 1269 caulinis,
1234 1180 1460 1272 poroplptsie
1479 1208 1617 1257 maseu-

187 1307 251 1380 lae
274 1305 412 1377 similis.
469 1310 656 1401 paginola
678 1329 792 1401 teres,
821 1307 988 1403 corrulo,
1015 1308 1161 1404 capsula
1192 1306 1347 1381 dimidio
1370 1312 1537 1407 brevior,
1560 1316 1616 1388 lu.

182 1438 284 1514 cida.
336 1442 564 1514 Peclrotoolus
597 1441 893 1539 sesquiuocialis,
922 1462 1083 1534 erectus,
1113 1439 1253 1514 badius.
1307 1445 1466 1539 Capsala
1498 1468 1613 1541 ovata,

183 1575 332 1667 clausa,
363 1571 527 1669 pervim
557 1591 699 1646 tantum
723 1574 885 1672 aperitur
917 1573 1060 1648 orificio
1085 1595 1320 1670 perangusto,
1350 1579 1519 1676 capsulae
1543 1579 1618 1653 dia·

181 1729 349 1784 mettum
373 1705 569 1780 dimidium
595 1734 670 1784 uon
690 1729 880 1808 aequante,
905 1706 1027 1800 laevis,
1054 1705 1181 1780 badia:
1207 1707 1403 1808 apophysis
1426 1712 1618 1812 obcouica,

184 1841 380 1940 angustior
403 1859 441 1914 et
457 1839 533 1914 fere
554 1838 710 1914 dimidio
734 1839 890 1934 brevior,
914 1865 1023 1938 quam
1041 1841 1199 1938 capsula,
1227 1867 1348 1940 neque
1372 1841 1421 1916 ita
1447 1841 1619 1920 distincta

184 1995 253 2046 aut
282 1974 388 2074 quasi
415 1993 593 2076 separata,
628 1999 737 2074 quam
766 1972 804 2044 in
830 1973 1012 2076 plerisque
1037 1967 1240 2074 splachnis,
1271 1973 1404 2052 eodem
1427 1977 1537 2052 ctiam
1560 2008 1620 2054 co·

185 2110 275 2180 lore
304 2107 415 2182 tincta
447 2127 483 2181 et
513 2106 624 2181 simili
650 2104 933 2210 parenchymate
960 2134 979 2180 e
1005 2106 1145 2182 cellulis
1178 2107 1383 2208 quadratis,
1419 2113 1619 2187 maioribus

185 2251 330 2334 tamen,
353 2262 528 2314 constans.
579 2239 772 2315 Caeterum
792 2239 884 2316 haec
906 2242 1051 2342 capsula
1072 2229 1151 2339 pari
1170 2242 1311 2315 ratione
1333 2269 1442 2340 quam
1463 2268 1621 2319 caetero·

188 2400 282 2448 rum
302 2374 561 2476 aplachnorum
582 2401 697 2474 aquae
717 2373 843 2449 bibula
867 2394 940 2469 est,
971 2393 1008 2448 et
1030 2375 1197 2448 celeriter
1216 2374 1254 2445 in
1278 2374 1458 2450 maiorem
1479 2364 1619 2454 molem

185 2506 423 2606 extenditur,
453 2508 616 2582 siccitate
637 2507 865 2581 contrahitur
887 2506 955 2601 ita,
984 2527 1025 2580 ut
1054 2527 1211 2582 vetustae
1238 2528 1273 2581 et
1298 2507 1422 2581 aridae
1446 2511 1617 2606 capsulae

186 2642 255 2714 vix
275 2641 414 2716 similes
437 2640 627 2718 videantur·
652 2639 865 2716 iunioribus.
915 2637 1038 2712 Adest
1053 2658 1238 2740 praeterea
1261 2639 1300 2712 in
1324 2641 1492 2743 capsulae
1511 2643 1618 2742 apice

182 2774 390 2851 fasciculus
413 2774 736 2849 minutissimorum
758 2763 918 2876 pilorum
937 2792 1000 2846 aut
1020 2773 1315 2874 squamularum,
1343 2799 1435 2875 quae
1459 2775 1496 2852 iu
1518 2776 1618 2852 sicco

184 2931 291 2986 statu
318 2904 439 3012 pictae
464 2931 664 2986 cernuntur
693 2908 743 2984 ad
762 2911 823 3007 fig.
851 2934 907 2981 ra.
959 2905 1188 2983 Membrana
1214 2913 1364 2983 interno
1390 2929 1514 3004 ovata,
1542 2911 1619 2986 basi

185 3049 234 3120 in
265 3043 452 3146 quendam
483 3042 723 3140 pedicellum,
754 3041 793 3115 iu
824 3040 977 3117 iuvenili
1006 3042 1152 3141 capsula
1174 3044 1405 3138 crassiorem,
1436 3044 1476 3119 in
1499 3043 1621 3120 adulta

186 3179 405 3256 tenuiorem
432 3195 637 3267 contracta,
668 3180 772 3274 apice
795 3177 920 3276 paullo
948 3175 1146 3274 angustior,
1172 3176 1309 3273 nitens,
1336 3178 1458 3251 albida
1482 3180 1621 3255 scilicet

185 3313 319 3388 ntinus
343 3289 612 3412 pellucsntibus
637 3308 848 3386 seminibus.
902 3313 1095 3382 Columella
1120 3313 1414 3405 ruentbranacea,
1447 3313 1619 3410 oblonga,

189 3473 430 3546 compressat3
453 3443 667 3520 membrana
688 3445 827 3518 interna
850 3469 978 3542 parum
1001 3442 1197 3539 angustior.
1222 3448 1478 3518 Perntomiam
1496 3471 1622 3545 capsu-

188 3583 254 3656 lae
280 3579 378 3654 intus
400 3579 575 3654 orinatum
596 3599 634 3654 et
653 3578 692 3652 in
714 3578 897 3676 capsulam
917 3575 1144 3668 immersum,
1168 3596 1209 3650 ut
1234 3597 1320 3675 post
1339 3577 1540 3651 diffractam
1563 3605 1621 3652 ca·

182 3714 350 3816 paulam,
365 3713 437 3788 nisi
457 3733 592 3787 attente
614 3711 838 3790 examinetur
858 3709 1013 3786 autleni
1033 3708 1219 3808 pressione
1240 3731 1451 3810 protrusum
1474 3711 1540 3806 sit,
1559 3738 1621 3810 pa·

191 3873 282 3924 rum
306 3847 571 3946 conspicietur,
594 3845 689 3918 sistit
711 3844 837 3918 dentes
854 3840 1015 3918 sedecim
1031 3869 1097 3941 per
1112 3843 1212 3940 paria
1234 3845 1522 3943 approximans,
1547 3845 1624 3918 lau·

180 3981 376 4074 ,ceolnos,
399 3980 571 4076 obtusos,
597 3979 758 4076 margine
781 3977 1010 4077 inaequales,
1036 3976 1142 4050 lineis
1165 3977 1374 4052 transversis
1391 4005 1519 4076 parum
1537 4003 1624 4052 con·

186 4114 334 4218 spicuis
357 4131 514 4208 notatos,
539 4117 793 4208 conniventes,
819 4111 949 4188 breves
974 4131 1115 4200 tamen,
1141 4137 1210 4186 uec
1231 4129 1397 4184 ceruum
1417 4109 1553 4184 orificii
1574 4132 1622 4184 at-

181 4254 400 4350 tingentes,
428 4247 534 4346 apice
562 4247 800 4324 elutescente
821 4245 970 4342 badius,
996 4243 1074 4320 laesi
1097 4243 1320 4342 pallidiores.
1359 4241 1622 4360 *Interdumet

1163 4379 1205 4452 M
