4044 5406
603 597 999 703 rustappertarea:
1397 697 1401 706 ι
1486 623 1535 715 89

111 807 224 885 nivali
240 805 333 884 etin
350 807 507 898 torena,
534 824 570 888 et
586 806 664 894 aliis
681 809 792 886 etism
808 810 955 885 muscis.
980 809 1046 886 Est
1061 813 1335 892 tastumsovea
1354 817 1392 892 in
1417 821 1532 898 altem

108 945 234 1040 lutere,
263 967 378 1046 quse,
403 968 517 1045 quum
536 946 671 1021 semina
689 945 987 1048 pellucidasint,
1009 941 1179 1022 umbrant
1195 952 1265 1032 sub
1283 953 1531 1056 mieroscopio

109 1079 312 1180 composite
341 1077 511 1175 exhibet,
553 1101 591 1156 et
608 1083 670 1159 ··in
700 1081 904 1160 seminibus
942 1077 1027 1158 non
1051 1081 1204 1159 omnino
1233 1089 1403 1162 matesis-
1420 1091 1527 1166 etiam

108 1215 247 1290 linearis
271 1205 486 1313 implessio,
516 1231 642 1292 “totum
665 1216 853 1292 interdum
877 1243 1003 1292 semen
1044 1237 1272 1316 percurrens.
1328 1222 1433 1309 Quae
1450 1226 1530 1324 qui-

109 1350 183 1425 dem
205 1351 317 1426 fovee
342 1371 379 1426 et
396 1351 547 1428 ‘linen'ris
569 1351 795 1452 impressio,
812 1351 873 1424 illa
893 1351 1031 1426 linesm'
1049 1373 1258 1444 cut‘t'atsm,
1275 1357 1528 1432 'haee'seetam
1619 1427 1624 1450 ‚
1656 1375 1658 1382 “

110 1487 208 1581 sistit,
239 1511 312 1559 non
330 1485 606 1576 omninelittm
618 1484 942 1583 'et-invariabilem,
967 1486 1035 1562 sed
1051 1488 1282 1565 mobileunet
1297 1493 1527 1589 mutabilem,

112 1622 136 1694 si
154 1621 294 1720 speculi
315 1620 528 1696 illustrantis
553 1621 709 1698 directio
735 1622 782 1696 ad
805 1622 927 1696 lucem
949 1622 1121 1696 variatus.
1162 1621 1301 1696 Eadem
1324 1627 1527 1714 variatione

113 1755 187 1830 lueis
202 1755 317 1830 etiam
331 1755 403 1828 alia
419 1757 549 1830 umbra
567 1757 716 1832 mobilis
733 1755 925 1830 exhibetur
941 1756 980 1828 iu
1002 1754 1134 1853 quovis
1157 1757 1345 1852 pellueido
1371 1763 1525 1858 semine,

112 1889 192 1962 utin
207 1887 342 1990 quovis
365 1887 437 1961 sliu
460 1873 612 1987 globulo
637 1889 826 1988 pellucido
850 1890 894 1962 ab
918 1889 1088 1964 inferiori
1104 1890 1189 1963 loeo
1206 1890 1405 1990 illustrato,
1430 1925 1525 1996 quae

111 2024 137 2093 si
151 2024 194 2096 ita
206 2048 275 2122 pes
289 2021 439 2096 seminis
458 2049 594 2122 eorpus
611 2023 840 2122 pellucidum
855 2023 1005 2122 migrat,
1024 2043 1067 2096 ut
1082 2023 1215 2098 lineam
1237 2025 1339 2104 illam
1361 2035 1525 2128 priorem

113 2157 236 2254 sagulo
255 2155 418 2256 quodam
440 2139 558 2250 seeet,
582 2183 736 2232 erucem
763 2157 946 2255 linearum
970 2177 1032 2232 ant
1060 2155 1315 2232 simulatorum
1343 2171 1523 2261 parietum

112 2291 222 2367 effieit.
251 2290 314 2364 Sin
336 2309 459 2389 potest
482 2317 608 2366 semen
630 2291 804 2389 simplex,
835 2295 934 2364 intus
955 2318 1032 2365 non
1049 2279 1242 2390 partitum,
1265 2318 1343 2368 eam
1360 2299 1522 2396 speeiem

107 2423 380 2522 praeseferre,
401 2445 525 2499 utaut
539 2423 636 2497 binis
649 2443 712 2498 aut
726 2423 832 2498 trinis
856 2445 919 2498 aut
942 2424 1126 2525 quaternis
1149 2425 1281 2502 loculis
1307 2426 1535 2506 distinctum.

108 2559 275 2634 videatur.
295 2559 401 2634 Idem
419 2559 704 2658 phaenomenou
719 2556 882 2652 videbis,
909 2545 1258 2634 sialis'muscoram
1280 2563 1418 2636 semina
1440 2565 1523 2639 lim.

106 2692 183 2792 pida
198 2713 237 2768 et
251 2693 451 2768 lueviasnb
466 2689 714 2788 missoseopio
731 2693 940 2787 composito
964 2691 1180 2790 adspexesis.
1220 2694 1371 2768 Curiosa
1395 2699 1520 2773 obser·

105 2829 212 2925 tatio,
240 2845 277 2903 et
287 2827 439 2902 luminis
452 2825 545 2900 illati
560 2824 713 2900 mutatio
730 2823 955 2920 directionis,
978 2823 1169 2900 veritatem
1186 2823 1349 2901 decebit.

148 3098 237 3176 Tab.
264 3097 441 3176 CXXVI.
472 3099 536 3198 fig.
564 3123 596 3174 1.
616 3099 762 3197 plantae
786 3097 943 3173 naturali
968 3096 1231 3198 magnitudine.
1264 3101 1326 3200 fig.
1345 3125 1377 3178 ι.
1393 3101 1517 3201 planta

191 3237 300 3311 altere
323 3234 497 3334 simplex,
528 3233 639 3306 altera
663 3259 804 3306 ramosa
826 3254 931 3306 aneta
961 3251 1025 3308 ter.
1057 3234 1118 3330 fig.
1145 3237 1182 3308 5.
1207 3233 1340 3308 folium
1368 3257 1516 3312 austum

192 3389 333 3470 quater.
358 3371 421 3466 fig.
440 3374 476 3442 4.
490 3366 570 3442 lolii
586 3367 704 3455 basis,
730 3372 765 3442 5.
783 3393 876 3463 spes
888 3365 989 3440 aucti
1005 3366 1122 3440 teias.
1146 3369 1208 3464 fig.
1226 3372 1262 3446 6.
1281 3395 1373 3466 apex
1388 3371 1514 3466 caulis,

192 3505 339 3580 resectis
355 3503 469 3598 loliis,
483 3527 570 3576 eum
583 3503 675 3575 llere
692 3499 853 3574 masculo
868 3516 905 3572 et
918 3499 1079 3574 femineo
1095 3521 1222 3576 auctus
1239 3521 1379 3600 quates.
1403 3504 1465 3602 fig.
1479 3535 1512 3597 7.

193 3641 260 3712 flos
283 3637 465 3711 masculus
492 3636 663 3735 separatis
689 3631 871 3732 plerisque
893 3633 993 3706 soliis
1014 3655 1141 3708 suetus
1163 3634 1290 3710 sexies.
1315 3637 1375 3732 fig.
1398 3655 1433 3720 a.
1453 3663 1514 3710 eu.

192 3743 292 3846 thera
307 3763 553 3846 eum'duabus
569 3767 836 3871 paraphysilsus
853 3785 955 3838 austu
972 3767 1086 3842 4oies
1120 3771 1183 3867 fig.
1199 3793 1231 3863 9.
1245 3771 1314 3842 ssos
1330 3769 1511 3846 femineus

192 3903 322 3980 demtis
340 3905 440 3980 foliis
456 3902 644 4004 plerisque
665 3899 871 3998 etpistillis
893 3900 1034 3998 aliquot
1056 3922 1183 3975 auctus
1209 3907 1337 3976 sexies.
1368 3907 1430 4000 fig.
1455 3933 1509 3978 ιο.

191 4041 354 4140 vaginule
380 4061 485 4116 aneta
508 4057 584 4131 tes,
618 4037 677 4133 fig.
706 4059 762 4106 ιι.
787 4033 955 4126 vaginula
979 4055 1083 4108 sueta
1103 4037 1236 4128 sexies,
1267 4054 1308 4107 ut
1338 4051 1509 4134 appareat

194 4175 269 4250 eius
292 4175 506 4279 membrana
521 4167 720 4246 terminalis
738 4165 934 4266 pellucida.
963 4172 1027 4268 fig.
1051 4195 1107 4246 ss.
1122 4169 1266 4250 fruetus
1283 4166 1406 4240 iunior
1421 4195 1506 4246 cum

193 4309 371 4413 calypti-a,
409 4291 554 4407 figsss.
587 4305 727 4378 fruetus
758 4301 902 4374 adultus
934 4305 1052 4380 siccus
1088 4323 1214 4377 anetus
1243 4322 1310 4390 tes.
1356 4303 1418 4400 fig.
1449 4311 1504 4380 14.
