4534 5408
478 526 765 603 Maaromiteioa
785 531 1263 627 urceolatum,fuscecccna.
1369 519 1371 526 '
1508 561 1579 636 129

152 713 380 808 operculum
394 736 414 786 e
427 737 594 788 convexo
611 734 818 812 nostratum,
834 739 1009 816 erectum,
1027 719 1194 816 capsulae
1211 718 1443 818 longitudine
1463 739 1501 798 et
1517 750 1578 801 co·

147 845 246 920 l'ore.
272 849 534 944 Epiptltrogma
553 847 727 924 facillime
742 874 786 924 ex
803 852 977 950 operculo
996 853 1172 946 solubile,
1191 851 1376 947 conicum,
1404 857 1578 956 semipel-

146 976 333 1072 lucidnm,
349 980 646 1070 luteo-,badium
674 986 852 1080 cappam
865 983 994 1084 patum
1003 985 1265 1083 campanulata,
1279 985 1381 1084 apice
1390 987 1574 1097 tabulato,

149 1109 336 1209 profunde
356 1115 437 1188 fissa
460 1115 500 1188 in
522 1114 671 1188 lacinias
688 1137 774 1190 octo
796 1117 855 1192 vel
877 1117 1013 1216 plures,
1038 1119 1184 1216 capsula
1207 1117 1395 1194 evidenter
1413 1120 1574 1220 longior,

149 1245 511 1346 geiaco-flavescens,
525 1249 646 1322 minus
667 1248 782 1326 nitida
799 1250 958 1346 etmagis
975 1251 1171 1350 pellucida,
1188 1279 1297 1350 quam
1312 1279 1572 1351 congenerem.

254 1380 335 1454 Oba.
364 1382 489 1476 Folia,
523 1383 580 1456 nti
608 1381 825 1474 Hooierus,
857 1383 935 1458 icae
967 1385 1092 1460 omnia
1119 1385 1233 1460 habui
1264 1386 1367 1486 apice
1392 1385 1570 1486 diffracta,

143 1533 362 1608 supererant
382 1535 504 1590 tameo
524 1515 658 1590 intacta
681 1513 730 1588 ad
752 1516 896 1615 plenam
918 1515 1213 1620 delineationem.

194 1647 289 1722 Tab.
315 1647 566 1724 CLXXXIX.
587 1651 647 1750 fig.
667 1675 698 1726 t.
715 1649 836 1750 planta
855 1651 1012 1726 naturali
1033 1649 1293 1749 magnitudine.
1313 1653 1372 1750 lig.
1394 1679 1428 1728 a.
1448 1681 1570 1732 camus

243 1803 373 1857 auctus
395 1803 462 1858 ter.
493 1786 556 1881 fig.
581 1787 642 1854 a*
666 1809 787 1856 ramus
809 1782 848 1856 in
879 1783 977 1859 sicco
1007 1803 1102 1862 statu
1127 1805 1257 1860 auctus
1282 1805 1416 1882 quater.
1446 1790 1508 1888 fig.
1533 1793 1569 1870 5.

242 1914 339 1990 lolio
353 1915 501 1993 iuniore
522 1943 566 1992 ex
588 1916 691 2014 apice
710 1914 827 1990 caulis
850 1939 955 1992 aneta
978 1915 1102 1994 octies.
1124 1920 1186 2014 fig.
1211 1924 1246 1992 d.
1263 1944 1365 2018 apex,
1390 1925 1423 1996 5.
1439 1921 1569 2002 baseos

251 2049 335 2124 lolii
356 2075 442 2148 pars
463 2069 569 2124 aucta
592 2049 705 2145 qaice.
731 2047 794 2144 fig.
812 2053 847 2122 6.
870 2049 1035 2148 vaginula
1054 2069 1158 2126 aucta
1177 2052 1382 2152 quinquies.
1401 2055 1464 2152 fig.
1483 2083 1518 2152 7.
1536 2061 1568 2136 8.

145 2240 148 2249 .
250 2210 285 2282 9.
309 2182 474 2283 capsulae
496 2209 587 2256 cum
615 2180 789 2281 operculo
819 2200 857 2256 et
885 2182 1044 2282 'calyptm
1072 2202 1110 2256 et
1138 2183 1216 2260 sine
1242 2184 1317 2270 eis,
1340 2188 1403 2281 fig.
1430 2212 1488 2264 ιο.
1511 2215 1570 2264 ca·
1702 2185 1706 2189 ’

243 2319 382 2421 lyptra,
412 2342 470 2392 11.
491 2316 707 2415 operculum
730 2335 835 2390 aucta
855 2335 993 2416 quater.
1015 2319 1076 2412 fig.
1108 2339 1164 2392 aa.
1190 2315 1392 2413 peristomii
1414 2315 1569 2396 dimidia

246 2477 333 2551 para
358 2471 461 2525 aucta
488 2451 681 2564 16ies3fig.
705 2454 762 2524 ιδ.
791 2447 997 2546 peristomii
1018 2447 1144 2523 dentes
1167 2449 1265 2522 aucti
1292 2450 1565 2553 ,72ies.fig.14.

245 2583 487 2683 epiphaa'gma
510 2605 659 2660 auctum
686 2583 798 2658 adies.
844 2611 847 2620 ·

129 2731 171 2808 4.
197 2743 446 2815 accenseam,
471 2718 582 2796 ramis
600 2715 774 2794 brevibus
795 2717 905 2811 laxis,
931 2715 1030 2792 foliis
1050 2715 1258 2796 lanceolatis
1282 2715 1423 2795 obtusis
1446 2720 1566 2822 euspi-

241 2854 357 2949 daos,
379 2854 529 2954 capsula
551 2852 693 2930 dentata
709 2851 884 2950 utrinque
907 2849 1049 2948 plicata.
1102 2848 1193 2928 Tab.
1215 2852 1348 2929 CXCI.

138 3036 143 3049 ·
185 2986 232 3062 In
257 2987 391 3062 insulis
416 2987 591 3062 Manianis
616 2989 752 3062 lectum
777 2985 877 3058 misit
902 2985 947 3059 cl.
969 2983 1230 3068 Gaudiohaud.
1282 3012 1329 3088 ap.

130 3181 137 3190 .
241 3125 427 3220 compilet
446 3120 529 3216 lati,
552 3119 620 3196 sed
640 3121 761 3198 minue
783 3117 887 3194 denti
910 3139 946 3194 et
964 3118 1040 3196 alti.
1096 3124 1216 3194 Caute
1237 3141 1393 3221 quatuor
1413 3144 1475 3198 aut
1498 3149 1563 3200 sex

124 3254 264 3330 uncias
293 3255 447 3358 longus,
481 3254 673 3354 aliquoties
707 3253 864 3346 divisus,
898 3251 960 3326 hic
995 3244 1234 3330 divisionibus
1262 3254 1491 3352 repentibus,
1527 3278 1563 3334 et
1600 3223 1610 3252 ⁹

125 3389 212 3466 laxe
237 3387 335 3464 inter
357 3389 450 3463 alios
474 3387 643 3464 irretitis:
677 3388 769 3462 rami
794 3385 997 3487 simplices,
1033 3387 1294 3479 ratoaamosi,
1324 3388 1500 3464 basileros
1523 3409 1560 3464 et

125 3519 253 3598 medii
274 3521 532 3616 semunciales,
557 3521 653 3598 circa
673 3525 766 3596 fines
789 3520 903 3596 caulis
927 3519 1109 3616 minores,
1133 3518 1255 3592 minua
1279 3517 1392 3594 densi.
1443 3523 1559 3598 Folia

124 3655 274 3756 patula,
296 3677 438 3751 erecta,
462 3654 619 3731 siccitate
643 3656 780 3734 tortilia
806 3676 844 3732 et
865 3675 1019 3751 retacta,
1045 3655 1263 3750 lanceolata,
1285 3655 1387 3756 apice
1412 3656 1557 3752 obtusa,

119 3787 313 3887 carinam,
343 3787 506 3866 calcidi·
523 3808 585 3862 aut
609 3790 710 3866 luteo
735 3790 855 3868 lusca:
885 3815 997 3868 nervo
1027 3816 1166 3884 crasso,
1197 3788 1388 3889 cuspidem
1407 3789 1555 3890 longam

119 3925 225 4020 (hoe
246 3946 325 3999 cat:
351 3922 495 4024 apicem
516 3924 609 4019 folii,
633 3945 811 4024 quantum
836 3925 1135 4000 membranaceus
1156 3943 1222 4018 est,
1246 3922 1475 4020 longitudine
1497 3951 1555 4002 ae·

116 4069 328 4160 quantem)
366 4058 531 4153 sistente,
568 4060 802 4159 ferrugineo:
840 4059 984 4137 cellulis
1017 4057 1270 4132 terminalibus
1301 4056 1552 4158 subroaundia,

114 4190 356 4268 basilatilans
379 4192 544 4294 elongato
559 4233 574 4254 ·
588 4193 773 4296 quadratis
833 4198 943 4276 Folio
966 4196 1135 4292 onycino
1145 4194 1318 4289 feminea
1339 4189 1490 4272 caulinis
1505 4191 1553 4268 si·

1102 4329 1135 4403 R
