4534 5408
646 621 808 694 Weissia
832 624 978 717 exiguo.
1501 629 1547 717 95

129 806 295 906 capsulae
328 801 487 880 dimidio
518 801 724 901 breviores,
765 808 896 882 remoti
929 806 975 880 ab
1006 804 1181 900 invicem,
1214 808 1389 906 lineares,
1423 811 1549 904 erecti,

130 940 363 1016 transversim
385 938 520 1031 striati,
546 938 679 1034 integri
706 965 774 1015 nec
798 941 956 1039 pertusi,
983 941 1216 1016 rulesccntes.
1258 991 1260 994 -

232 1111 406 1211 Aliquam
426 1107 703 1183 similitudinem
724 1108 835 1184 habet
857 1111 978 1209 quoad
1000 1109 1169 1184 habitum
1191 1139 1276 1185 cum
1300 1111 1463 1212 quodam
1485 1114 1552 1184 mi-

134 1270 224 1320 nore
250 1242 401 1317 dicrano
414 1247 583 1338 flexuoso
590 1272 606 1336 ,·
638 1241 705 1316 sed
730 1269 777 1317 ne
803 1241 1032 1343 pedunculus
1061 1219 1212 1345 quidem
1244 1247 1468 1344 geniculatus
1494 1267 1551 1322 est

135 1401 170 1454 et
193 1378 337 1476 capsula
367 1377 540 1479 aequalis.
592 1377 629 1450 A
654 1377 804 1452 caeteris
825 1377 1008 1472 Weissiis,
1036 1405 1130 1476 quae
1157 1379 1248 1454 lolia
1277 1378 1394 1478 rigida
1416 1379 1551 1473 lerum,

131 1511 277 1613 capsula
301 1511 425 1586 striata
449 1511 557 1586 facile
580 1510 826 1610 distinguitur.

134 1709 165 1758 s.
188 1706 358 1776 extens,
386 1668 621 1775 'snbramosa‚
654 1681 755 1755 foliis
782 1680 986 1755 lanceolato
1000 1723 1015 1741 ·
1030 1679 1244 1754 acuminatis
1269 1681 1403 1756 strictis
1425 1683 1552 1756 crassi·

235 1816 430 1906 nerviltus,
463 1815 609 1914 capsula
626 1814 840 1911 urceolata,
867 1814 1034 1915 operculi
1069 1833 1187 1892 rostro
1211 1837 1333 1891 erecto
1359 1815 1550 1891 mediocri.

235 1949 332 2028 Tab.
359 1949 569 2024 CLXXIX.

182 2121 228 2196 ln
260 2141 356 2195 terra
391 2115 492 2192 nuda
520 2117 630 2194 variis
662 2117 755 2192 locis
786 2117 982 2212 Brasiliae,
1017 2143 1136 2218 prope
1169 2119 1238 2196 Rio
1271 2119 1416 2196 laueiro
1448 2121 1549 2220 legit,

238 2253 336 2354 dilig.
355 2251 526 2354 Beyrich,
553 2253 592 2325 in
616 2249 793 2325 sabulosis
815 2249 938 2325 Sierra
960 2249 1007 2325 de
1031 2251 1187 2326 Estrella
1209 2280 1327 2358 prope
1349 2253 1436 2329 Ioze
1460 2255 1548 2346 Dio,

235 2387 374 2489 magnis
403 2386 623 2485 caespitibus
652 2411 738 2458 cum
768 2405 1024 2486 gymnostomo
1050 2399 1159 2460 ouato
1188 2387 1288 2463 etin
1312 2387 1393 2490 solo
1415 2386 1548 2462 limoso

232 2521 409 2616 numido,
435 2520 644 2597 Februario.
702 2539 746 2604 at.

285 2691 562 2767 malameias
585 2688 728 2764 tertiam
754 2709 895 2788 partem
917 2691 1066 2796 longus,
1093 2693 1247 2792 simplex
1270 2711 1331 2766 aut
1355 2691 1469 2766 semel
1496 2690 1550 2764 di.

127 2822 229 2900 risus
253 2845 318 2900 ant
343 2851 442 2925 pone
463 2829 594 2900 florem
616 2822 807 2898 innovans.
859 2825 971 2900 Folia
993 2851 1133 2924 sparsa,
1165 2825 1369 2902 lanceolato
1384 2869 1399 2892 ·
1414 2824 1549 2900 acumi-

125 2981 229 3056 nata,
265 2981 405 3054 erecta,
438 2957 576 3061 rigida,
610 2957 712 3032 vitris
727 2957 895 3032 ⁴maxime
923 2959 1093 3032 convexis
1124 2957 1362 3056 denticulata,
1396 2957 1547 3034 sordide

125 3095 280 3170 viridia:
313 3118 427 3168 nervo
453 3117 594 3186 crasso,
626 3089 674 3164 ad
693 3091 833 3188 apicem
860 3088 1081 3188 perdurante
1108 3113 1146 3166 et
1169 3093 1251 3168 folii
1273 3095 1548 3169 membranacea

124 3249 230 3326 parte
253 3229 399 3303 cincto:
424 3225 564 3300 cellulis
584 3225 954 3324 parallelogrammis..
992 3227 1122 3298 Flores
1146 3229 1372 3323 terminales,
1401 3226 1546 3303 dioeci:

123 3363 284 3436 musculi
306 3359 597 3460 gemmisormes‚
619 3357 883 3452 luscescentem
899 3359 1015 3452 salira
1040 3362 1415 3446 ovato-acuminatis,
1441 3361 1547 3436 obtu.

122 3495 314 3591 siusculis,
350 3492 563 3586 enervibus,
598 3489 747 3564 sordide
776 3491 967 3565 viridibus.
1019 3493 1208 3566 Austerae
1234 3491 1364 3567 decem
1388 3495 1546 3591 circiter,

123 3631 332 3727 oblongae,
352 3629 590 3718 lutescentes‚
614 3644 676 3698 aut
696 3624 927 3702 rufeseentcs.
978 3627 1221 3723 Paraplp‘sea
1237 3625 1397 3700 authoris
1420 3630 1545 3728 paullo

120 3761 329 3862 longiores,
354 3760 556 3860 capillacea.
606 3761 777 3834 Feminei
801 3761 938 3855 calym
959 3761 1094 3833 maturi
1105 3761 1210 3853 fiilio
1233 3761 1388 3836 caulinis
1402 3763 1544 3837 similis.

120 3895 284 3972 Pistillo
298 3896 412 3971 fiuca.
443 3895 683 3993 Parapbyscc
697 3890 906 3966 masculinis
921 3891 1065 3969 similes.
1097 3896 1289 3991 Voginula
1305 3915 1412 3991 teres,
1434 3895 1546 3972 fusca.

118 4031 363 4106 Pedunculrra
383 4026 631 4115 semuncialis,
654 4026 848 4101 lutescens.
902 4027 1064 4124 Capcula
1088 4047 1228 4102 matura
1247 4029 1417 4126 globosa,
1442 4028 1546 4129 apice

116 4163 334 4264 angustior,
369 4160 499 4255 laevis,
533 4159 663 4258 badia3
700 4159 825 4235 iunior
853 4160 1023 4261 oblonga.
1074 4163 1298 4260 operculum
1330 4187 1350 4237 e
1380 4183 1545 4239 convexo

116 4299 361 4394 subulatnm,
397 4295 563 4396 capsulae
592 4292 825 4396 longitudine
856 4313 894 4370 et
925 4295 1071 4393 colore,
1105 4297 1310 4372 incurvum.
1364 4297 1544 4395 Calyptro
